2130 3990
102 204 163 266 8⁰0
471 220 649 266 carmanos

142 365 183 427 8⁰.
199 367 231 427 Si
257 367 401 427 Perochus
414 367 555 428 celebrare
574 366 684 438 debeat,
704 373 737 425 ut
750 365 875 447 populus
889 365 937 425 die
951 366 1021 429 Festo

101 446 337 507 audiarsaamm.

144 530 187 588 4⁰·
202 531 233 594 si
250 530 347 589 Missae
361 529 510 589 celebratio
524 551 581 589 non
597 532 680 609 possit
691 530 783 588 omitti
799 527 908 607 absque
921 528 1023 590 infamia

102 619 151 670 sut
164 609 308 677 scandalo,
329 632 354 669 v.
369 632 397 687 g.
413 631 463 690 pro
476 614 603 689 exequiis
615 610 743 690 publicis.

143 695 186 749 5⁰·
201 691 231 749 Si
246 691 360 750 deliniat
374 692 512 751 Sacerdos
525 694 624 772 aliquis
637 700 701 772 post
711 691 971 758 consecrationem,
984 711 1022 750 nec

101 770 176 839 adsit
196 773 276 842 nlius,
298 776 346 853 qui
371 772 543 832 Sacrificium
563 774 698 854 perficiet,
720 774 808 851 quern
827 774 959 833 conscius
972 792 1022 851 pac

101 854 158 911 cati
171 853 305 916 mortalis.

142 931 186 990 6⁰·
202 935 233 994 Si
256 934 410 1014 periculum
440 937 586 994 immineat
608 933 812 1013 profanationis
841 934 1022 1005 Eucharistiae,

101 1034 128 1070 r.
142 1033 170 1092 g.
183 1019 212 1076 iu
233 1017 326 1074 subita
337 1016 493 1076 infidelium
515 1027 564 1074 aut
585 1015 788 1076 Haercticorum
801 1017 963 1097 irruptione,
982 1018 1022 1096 qui

102 1094 220 1156 Hostias
233 1106 407 1156 consecratas
421 1097 616 1176 profanabunt.

142 1175 186 1236 7⁰·
199 1180 231 1236 Si
245 1180 500 1238 communicaturus
509 1178 572 1256 jam
586 1182 622 1238 sit
633 1178 662 1236 in
680 1195 794 1236 scamno
807 1175 1022 1245 Communicnir.

102 1276 157 1316 nec
168 1261 259 1338 possit
271 1279 302 1317 se
316 1258 454 1317 retrahere
477 1260 537 1318 sine
550 1258 667 1319 infamia
679 1256 722 1316 vel
734 1256 888 1330 scandel03
910 1257 977 1318 aliis
987 1262 1024 1318 te·

100 1348 211 1399 necetur
224 1339 362 1398 recedere.

140 1421 184 1477 8⁰⁴
198 1421 231 1479 Si
253 1420 405 1479 celebranti
420 1423 556 1480 memorie
569 1420 679 1500 peccati
691 1419 817 1479 mortalis
829 1428 962 1481 occurrat
973 1427 1025 1500 post
1051 1482 1054 1489 ,

102 1496 361 1572 enumerationem
377 1512 446 1560 tunc
459 1505 535 1560 enirn
551 1501 598 1580 (ut
609 1501 696 1560 docet
706 1500 738 1558 S.
748 1500 856 1562 Thorn.
868 1511 969 1582 quaest.
982 1501 1024 1560 8&

101 1587 153 1640 aar.
169 1579 198 1642 6.
224 1581 270 1640 ad.
286 1581 315 1639 2.
330 1582 424 1640 elicito
452 1584 624 1641 contritionis
644 1591 719 1656 ectu,
739 1582 826 1641 debet
838 1584 959 1642 omnino
971 1602 1024 1662 pre

101 1659 207 1731 eedem,
229 1680 320 1742 neque
342 1664 379 1720 ab
405 1663 494 1722 Alteri
509 1664 702 1734 recedendum,
725 1683 816 1743 neque
837 1663 1025 1722 Consenseriur

101 1740 278 1802 ndrocnndus
287 1743 571 1824 estjuxtaSylvium,
584 1744 725 1823 Wiggers,
738 1743 889 1818 Dnelman,
904 1743 1027 1816 Billuert·

101 1819 155 1881 &o
170 1826 238 1902 quie
252 1825 427 1884 Sacrificium
442 1826 608 1905 interrumpi
621 1846 677 1884 nou
693 1833 792 1904 potest

143 1904 175 1963 Si
201 1912 295 1964 nutem
317 1907 479 1965 recordetur
505 1916 572 1964 ante
596 1905 852 1977 consecrationem,
881 1913 953 1965 tnnc
974 1905 1026 1964 sinc
1058 1868 1065 1988 i

102 1984 221 2045 infernis
246 1987 287 2044 vel
311 1990 386 2062 gravi
406 1985 548 2046 'scandalo
578 1986 666 2064 (quod
696 1986 835 2045 ordinarie
858 1986 957 2045 subest
968 1989 1026 2064 quin

99 2066 224 2126 celebrat
236 2069 265 2124 in
279 2067 341 2126 loco
357 2066 480 2146 publico)
496 2071 580 2126 etiam
593 2087 647 2126 non
660 2068 795 2146 possetab
805 2067 895 2128 Alteri
906 2067 1025 2126 recedere

101 2148 142 2206 rel
171 2144 366 2207 Confessarius
392 2148 610 2221 advocer13sed
634 2157 727 2228 potest
752 2149 889 2208 contritus
911 2149 1024 2208 Missum

121 2228 242 2286 erficere.

100 2247 234 2368 pNotut
260 2307 360 2368 Scotus
387 2308 471 2388 quud,
498 2312 521 2370 si
542 2308 677 2368 Sacerdos
700 2313 727 2369 in
760 2311 860 2368 Missae
894 2311 1022 2389 principio
1056 2317 1065 2339 ⁵

91 2389 262 2458 recordetur,
285 2410 315 2448 se
330 2399 477 2470 peccatum
492 2411 574 2468 grave
589 2395 768 2463 commisisse,
789 2393 834 2449 cui
852 2394 896 2449 ita
908 2392 1022 2452 irrefica

98 2479 152 2542 eat,
171 2479 206 2528 ut
218 2469 279 2547 ejus
292 2473 428 2551 poenitere
439 2492 494 2530 non
510 2473 596 2550 possit
606 2474 619 2543 ς’
636 2471 737 2533 debeat
751 2473 895 2532 dimittere
910 2473 1022 2532 Missum
1051 2478 1052 2481 ’

15 2548 24 2562 ’
98 2551 298 2631 quodcumque
313 2552 631 2612 timenturscandelum.
1051 2567 1065 2662 p

141 2634 207 2692 Non
222 2644 266 2693 est
277 2642 371 2692 nutem
385 2631 526 2692 sufficiens
540 2634 691 2692 necessitas
702 2632 860 2692 celebrandi
871 2637 899 2693 in
916 2641 1021 2714 peccato
1052 2668 1065 2744 p

98 2712 220 2784 mortali,
240 2722 272 2772 ut
293 2717 352 2794 ipse
376 2713 510 2773 Sacerdos
530 2715 630 2774 audiat
644 2716 761 2772 Sacrum
777 2714 822 2772 die
836 2714 922 2787 festo,
944 2715 1022 2774 velut
1053 2737 1065 2799 p

96 2797 157 2873 ipae
184 2804 236 2853 eut
261 2795 447 2873 parochianus
473 2795 561 2855 faciat
575 2795 809 2854 communionem
837 2795 1019 2854 Paschalen:
1061 2821 1065 2826 ·

96 2874 324 2956 quandoquidem
344 2876 408 2937 haec
421 2877 458 2936 ob
473 2880 559 2937 varias
573 2879 641 2937 elias
656 2879 775 2936 rationes
790 2879 881 2959 possit
894 2876 1004 2936 differri.
1053 2829 1065 3040 Ι

1056 3043 1065 3058 ιι

1055 3071 1065 3136 l

1061 3153 1065 3176 l
