2130 3990
346 206 388 250 us
412 202 629 249 sucnaursrrs.
893 180 950 245 etl

61 347 110 408 3⁰·
132 349 273 419 Muslum,
295 349 461 408 siverinum
486 371 523 410 ex
548 353 609 409 uvis
630 355 757 405 recenter
779 363 952 424 expressam,

49 438 64 491 »t
77 430 194 511 quidem
209 432 329 492 materia
340 429 480 490 sufficiens
492 455 498 503 ;
519 431 569 490 sed
583 433 611 489 in
634 449 668 486 eo
682 428 719 486 ob
733 426 793 504 ejus
807 427 952 505 impurita-

49 532 81 571 m
97 511 240 572 celebrare
265 533 321 572 non
346 513 420 584 licet,
441 516 493 573 nisi
512 515 541 572 in
571 512 745 579 necessitate,
767 507 894 567 utdocet
921 510 952 566 S.

50 594 131 651 bom.
158 591 207 652 hio
221 593 296 653 ad3.
683 636 686 641 -

62 672 123 733 ΙΙΙ.
159 674 201 733 4⁰·
237 676 284 734 De
310 676 374 734 vino
401 674 549 755 congelato
576 671 746 750 disputatum
783 670 953 744 probabilius

49 774 121 813 men
135 753 241 815 videtur
252 755 321 823 illud
335 755 472 829 sufficere,
486 763 583 835 utpote
592 755 712 813 reticens
725 752 910 811 substantiam
924 760 954 808 et

49 838 285 897 suominstionem
299 836 357 896 viui
371 837 407 895 de
419 838 484 895 vite.

63 916 138 994 obj.
159 918 242 996 Aqua
254 916 401 995 congelata
425 939 477 976 uon
502 926 546 976 est
567 920 687 975 materia
711 914 868 994 Baptismi:
890 932 954 990 ergo

49 1016 81 1057 ac
102 997 151 1056 hic
163 1000 258 1057 vinum
272 1000 461 1078 congelatum.

64 1080 108 1138 R.
132 1080 214 1159 Disp.
229 1088 281 1148 est,
296 1079 371 1160 quod
381 1080 486 1139 ablutio
494 1082 530 1137 sit
541 1079 659 1137 materia
668 1078 799 1158 proxima
808 1075 953 1156 Baptisrui‚

49 1180 87 1219 aas
101 1159 160 1219 lieri
173 1164 271 1240 nequit
282 1163 311 1220 in
326 1182 400 1240 aqua
413 1160 579 1239 congelata;
601 1158 651 1217 sed
667 1159 846 1216 Eucharistia
869 1155 955 1215 eonfi-

49 1252 97 1300 ,tur
108 1250 140 1300 et
151 1241 276 1301 subsistit
289 1240 508 1321 independenter
527 1241 563 1300 ab
578 1241 683 1299 actuali
709 1239 878 1378 sumptione,
892 1257 955 1316 quae

48 1322 119 1382 diam
133 1331 177 1382 est
189 1323 341 1402 applicatio
355 1324 538 1394 sacramenti,
558 1330 586 1379 et
599 1341 660 1399 qua
673 1320 721 1379 hic
734 1319 773 1379 hu
793 1321 833 1377 eri
856 1322 956 1398 poterit

48 1402 306 1485 eJdegelationem.
880 1422 884 1431 ·

66 1483 116 1542 Ob
127 1483 352 1562 probabilitatem
363 1490 458 1542 tamen
472 1486 604 1564 oppositas
618 1485 764 1542 sententia
776 1483 872 1540 vinum
881 1498 952 1540 con·

49 1564 157 1624 elatum
170 1583 333 1624 consecrare
346 1584 404 1622 nou
417 1565 492 1624 licet.

67 1645 253 1723 Frequentius
267 1645 315 1704 hic
327 1647 488 1723 contingere
503 1653 604 1724 potest,
618 1647 764 1704 materiam
773 1641 956 1702 essedubians

48 1727 190 1786 balterius
205 1728 382 1797 mixtionem,
395 1726 437 1784 vel
452 1730 506 1785 vini
520 1726 715 1785 alterationem
730 1745 736 1781 ε
758 1735 873 1783 totores
887 1743 954 1803 pen·

48 1807 124 1866 stab
138 1828 182 1874 eo,
204 1827 239 1866 an
253 1809 355 1867 mixtio
367 1807 409 1866 vei
435 1807 561 1866 alteratio
575 1811 611 1866 sit
634 1816 692 1866 tam
706 1809 818 1884 exigua,
840 1814 876 1864 ut·
895 1824 955 1866 mo·

48 1889 120 1949 aliter
133 1888 227 1947 adhuc
240 1891 277 1948 sit
289 1896 317 1946 et
331 1888 440 1947 dicatur
454 1891 559 1954 viuum,

69 1968 122 2027 iV.
154 1969 243 2028 Porro
270 1973 342 2028 tanti
371 1969 505 2048 Mysterii
534 1971 685 2028 reverentia
710 1971 807 2045 exigit,
828 1975 861 2028 ut
882 1970 955 2027 circa

48 2049 245 2110 dulteratiouss
259 2053 316 2109 vini
331 2052 386 2123 (uti
400 2052 485 2107 etiam
513 2060 542 2108 et
561 2049 655 2128 panis)
672 2050 840 2109 Sacerdotes
855 2050 954 2121 etalii,

48 2148 143 2210 pamm
158 2133 281 2204 interest,
302 2134 359 2190 sint
372 2131 454 2190 valde
465 2133 586 2190 solliciti.

67 2211 146 2271 Huic
170 2215 320 2291 suspicioni
341 2213 509 2270 alterationis
530 2211 657 2290 ssibjscta
681 2213 770 2293 magis
798 2219 863 2271 suut
888 2212 956 2270 vina

48 2291 136 2352 iliora:
158 2297 226 2353 item
240 2295 352 2359 rariora,
368 2301 399 2352 ut
411 2294 552 2371 signanter
576 2294 613 2351 de
643 2292 801 2373 Hispanico
828 2300 957 2351 asserunt

47 2375 144 2433 leesen
159 2384 189 2433 et
204 2375 343 2433 Psuwels.
841 2396 843 2403 ⁸

68 2455 279 2527 Marobantius,
292 2459 321 2513 in
335 2455 421 2514 horto
436 2455 602 2521 Pastorum,
619 2452 696 2512 rectis
708 2460 786 2513 taxat
801 2454 957 2534 aliquorum

47 2535 178 2596 'aetorum
193 2538 337 2608 incuriam,
359 2541 406 2615 qui
432 2546 558 2614 tempore
571 2538 669 2592 aestivo
694 2537 722 2592 in
745 2555 840 2615 parva·
856 2535 957 2613 lagena

48 2619 73 2674 iu
88 2627 257 2676 conservant
270 2620 362 2674 viuum
376 2636 425 2695 pro
437 2617 528 2674 Missa
547 2620 575 2675 in
590 2618 724 2674 Sacristia
732 2639 739 2688 ;
762 2616 836 2695 quod
850 2616 955 2687 vinum,

48 2701 90 2757 uia
103 2697 206 2767 debile,
228 2698 310 2757 facite
331 2697 427 2757 delicit
448 2709 477 2756 et
505 2702 539 2754 eb
564 2717 653 2776 usque
668 2698 780 2770 acescit,
800 2711 832 2757 ut
857 2697 956 2776 perdat

47 2779 208 2838 rbstantiam
224 2782 289 2837 vini.

65 2859 102 2919 V.
130 2858 246 2918 Addere
270 2879 415 2939 possumus
434 2869 463 2917 et
486 2859 560 2917 lianc
584 2858 746 2918 indecoram
767 2857 953 2934 quorumdam

47 2943 145 3013 renim,
166 2940 233 2999 dum
249 2960 300 3020 per
322 2942 461 3020 publicam
475 2939 711 2998 subhastationem
727 2939 953 3017 cle-procurando

47 3022 232 3101 :asportando
246 3024 341 3080 vinum
365 3041 416 3101 pro
440 3019 584 3078 Sacrificio
609 3020 783 3078 contrabitur
806 3037 871 3076 cum
894 3020 952 3092 illo,

48 3103 119 3162 uad
133 3102 188 3161 hoo
201 3122 258 3179 prae
272 3102 336 3160 aliis
362 3103 459 3161 minori
481 3102 571 3178 pretio
595 3122 626 3158 sa
650 3100 773 3179 obligat:
795 3098 841 3157 hic
865 3101 951 3172 euim,

47 3193 107 3243 tex
117 3203 169 3243 suo
184 3192 327 3242 contractu
341 3184 474 3254 lucretur,
494 3182 538 3240 vel
553 3183 651 3241 saltem
666 3203 721 3240 uon
744 3180 851 3261 perdet,
866 3180 952 3240 facile

47 3266 93 3323 ait
105 3282 145 3322 ex
158 3265 295 3322 vilissimis
307 3266 387 3323 riuis.
738 3292 741 3297 ·

60 3344 252 3405 Considerant
264 3343 345 3413 talos,
366 3364 402 3403 an
416 3345 517 3402 similia
530 3344 595 3401 vina
609 3343 644 3401 ad
669 3343 800 3404 Mensam
816 3344 950 3404 Divinam

46 3424 163 3489 sunere
176 3424 278 3487 vellent
288 3445 389 3487 meuse
402 3445 462 3487 suae
475 3425 599 3504 profanae
613 3429 725 3507 opponi.

460 3545 510 3607 23
