2130 3990
68 160 128 218 too
185 192 188 197 -
443 175 622 221 rnncrnrus

110 321 245 380 Meridies
259 323 332 382 sicut
344 342 444 380 aurora
464 342 520 381 non
533 324 617 381 debet
639 321 843 381 mathematice
857 321 939 393 sumi,
958 324 1001 381 sed
1035 328 1037 339 '

68 405 226 472 moraliter3
248 403 311 461 binc
332 424 389 462 non
417 406 508 462 statim
530 405 591 482 quis
614 412 755 481 peccaret,
777 410 813 461 ut
826 403 1002 463 communiter

70 487 164 543 dieunt
177 483 236 541 Aut
225 486 327 556 thores,
348 506 371 543 sr
364 486 465 562 paulo
477 495 539 562 post
548 486 690 545 meridiem
705 484 852 544 celebret.
873 484 1001 559 optimum

68 576 113 627 est
124 576 181 624 tam
194 566 222 622 in
237 566 433 659 anticipatione
451 569 532 643 quim
546 567 675 625 dilatione
696 567 836 644 probatas
860 565 932 623 loci'
925 566 1001 643 inopi

68 669 132 706 cere
160 648 382 720 consuetudines,
403 647 475 706 intra
502 667 570 724 quas
593 648 617 705 si
631 648 693 725 quis
719 647 850 718 haeserit,
871 645 909 703 ab
934 648 1001 707 omra'

68 729 169 805 culpa'
162 729 289 787 immunis
303 729 362 786 erit

109 810 142 867 ln
158 809 349 868 Mechliniensi
365 808 490 867 Dioecesi
505 810 708 867 Illustrissimus
722 807 860 867 Andreas
871 807 1000 882 Crucem,

67 892 155 969 inquit
168 891 307 963 PauweIS,
328 911 399 948 anno
421 889 508 962 1658,
528 892 572 949 die
585 890 631 948 29.
651 890 836 962 Novembris,
861 890 1000 949 occasione

67 973 143 1048 impii
157 973 259 1029 abusus
272 973 344 1029 inter
357 972 509 1029 Missurum
529 972 726 1032 celebrationes
749 970 949 1031 confabulandi
961 972 999 1030 vel

68 1054 135 1111 alias
157 1053 316 1110 insolentias
334 1053 492 1124 exercendi,
512 1073 545 1111 ac
568 1053 698 1110 scandala
711 1053 918 1123 committendi,
937 1052 997 1129 pub

66 1135 121 1191 lico
137 1133 238 1191 Edicto
251 1135 345 1193 stricte
355 1134 469 1191 inhibuit
482 1133 607 1193 omnibns
621 1133 833 1204 Sacerdotibus,
848 1154 885 1191 ne
900 1132 997 1192 Misso

66 1236 132 1272 suas
147 1215 275 1272 inchoent
286 1224 350 1292 post
362 1216 458 1272 horam
482 1214 518 1270 12
532 1215 721 1287 meridianam,
742 1224 770 1274 et
782 1215 916 1272 omnibus
931 1214 995 1273 Rea

67 1296 171 1353 toribus
187 1296 386 1367 Ecclesiarum,
405 1315 442 1353 ne
462 1297 548 1354 talem
569 1296 686 1353 abusum
698 1295 750 1354 sub
769 1296 872 1375 quovis
886 1296 996 1374 quaesito
1035 1378 1037 1387 Ι

66 1386 207 1454 praetextu
222 1385 270 1435 aut
283 1378 374 1434 colore
388 1376 553 1454 permittant

108 1457 281 1530 Notandum,
311 1455 388 1535 qubrl
411 1457 564 1531 Parocbus,
593 1457 640 1536 qui
662 1459 737 1517 solus
783 1467 870 1516 raeest
895 1456 993 1517 duabus

65 1539 221 1611 Parocbiis‚
242 1558 297 1597 non
324 1539 412 1615 possit
435 1539 479 1597 die
504 1538 602 1597 Coenaa
628 1539 743 1599 Domini
756 1479 829 1599 duas
841 1539 871 1597 in
885 1547 993 1616 ubsque

68 1621 197 1678 Ecclesia
226 1619 342 1678 Hostias
367 1641 539 1691 consecrare,
560 1641 675 1697 quarum
690 1623 805 1681 alteram
820 1629 888 1698 tunc
900 1629 993 1692 sumat,

69 1704 184 1760 alteram
211 1702 255 1759 die
279 1703 403 1779 sequenti
427 1701 456 1759 in
479 1701 611 1760 ambabus
640 1702 784 1774 Ecclesiis,
806 1702 859 1761 sad
881 1703 993 1781 populns

68 1784 211 1860 utriusque
224 1783 277 1840 loci
291 1783 318 1839 in
333 1804 417 1840 unum
430 1783 578 1841 convenire
591 1784 681 1843 debet

109 1864 178 1932 Quo
192 1866 253 1922 loco
268 1864 359 1921 Missa
372 1872 416 1922 est
428 1863 611 1923 celebranda?

109 1946 149 2003 11.
171 1945 209 2004 R.
225 1946 272 2003 De
281 1945 346 2024 jure
367 1946 503 2003 communi
517 1945 648 2004 celebrari
668 1945 750 2003 debet
761 1945 789 2003 in
814 1944 945 2005 Ecclesia
961 1946 992 2005 ab

67 2027 209 2104 Episcopo
234 2036 403 2099 consecrata,
424 2029 469 2084 vel
492 2027 526 2084 ab
540 2027 638 2085 eodem
651 2033 700 2083 aut
716 2026 867 2085 Sacerdote
889 2029 925 2085 de
938 2027 993 2107 ejus

65 2110 177 2168 licentia
190 2109 343 2180 benedictii,
372 2110 416 2167 rel
430 2109 456 2164 in
471 2109 589 2166 oratorio
602 2109 636 2166 ad
651 2108 723 2164 hunc
742 2128 824 2164 usum
837 2108 873 2165 ab
887 2109 931 2180 iis,
951 2111 994 2187 qui

66 2199 232 2268 potestatem
245 2190 355 2261 habent,
376 2191 522 2267 deputat03
544 2197 621 2267 patet
634 2209 671 2248 ex
682 2188 761 2245 Trid.
777 2209 848 2248 sess,
869 2189 920 2248 22.
938 2190 992 2250 Ds-

66 2282 142 2330 creto
154 2274 190 2330 de
202 2272 391 2331 observandis
404 2279 432 2329 et
446 2273 586 2329 evitandis
599 2273 627 2329 in
643 2269 837 2329 celebratione
850 2271 957 2329 Micca.

109 2353 183 2412 Haec
197 2362 289 2411 autem
314 2361 358 2410 est
371 2352 441 2409 inter
468 2352 710 2409 Consecrationem
729 2360 757 2408 et
776 2350 994 2412 benedictionem

65 2435 229 2506 differentia,
250 2435 327 2511 quod
341 2433 520 2490 consecratio
533 2434 614 2510 longe
628 2432 768 2510 operosior
781 2443 911 2491 versetur
925 2435 993 2493 circa

64 2517 194 2593 parietes,
224 2516 271 2592 qui
296 2515 452 2573 Chrismats
475 2515 614 2583 linuntur;
643 2513 784 2572 Benedict
765 2521 803 2571 tio
832 2522 927 2572 autem
949 2517 994 2573 fiat

65 2617 140 2674 aqua
160 2597 354 2655 benedictdet
376 2597 470 2674 paucis
493 2596 629 2687 precibus,
649 2595 831 2672 respiciatque
857 2596 991 2656 Ecclesia

61 2679 177 2736 ferndum
186 2698 236 2736 seu
249 2679 445 2754 pavimentum.

108 2760 220 2827 Quibus
233 2760 341 2818 casibus
351 2761 469 2818 violatur
480 2758 630 2818 Ecclesia?

107 2840 215 2900 111.R
233 2845 271 2909 10
288 2841 678 2899 Homicidioroluntarionon
692 2842 798 2898 tantum
812 2838 927 2919 injusto,
947 2842 993 2900 sod

65 2923 150 2981 etiam
177 2923 213 2979 ds
235 2943 265 2980 sa
284 2921 380 3000 justto
401 2943 427 2980 v.
443 2943 471 3000 g.
486 2944 509 2980 sr
502 2922 618 3001 judex
644 2922 765 3000 legitime
782 2923 994 2980 condemnatum

66 3004 257 3079 suspenderet,
278 3024 340 3080 cap
356 3003 677 3075 prenominatae
694 3004 856 3063 Decretitt
858 3003 932 3061 ..40
946 3005 992 3061 bo

65 3085 205 3141 mioidium
227 3087 337 3143 casuale
358 3092 406 3142 aut
394 3086 463 3142 tab
487 3094 596 3143 amente
619 3093 716 3163 perpet
716 3093 758 3141 rat
760 3104 814 3157 um,
836 3083 994 3142 Ecclesiam

64 3186 121 3222 non
135 3167 228 3230 violat,
249 3185 302 3223 nec
312 3166 479 3242 probabilius
493 3168 595 3224 occisio
609 3166 701 3224 facta
694 3187 722 3223 in
736 3187 779 3223 sur
769 3129 992 3237 defensionem,

63 3256 176 3305 servato
190 3246 376 3304 moderamine
388 3247 533 3323 inculpatas
545 3248 649 3306 tutelae.

108 3327 164 3385 IV.
185 3327 228 3393 20·
251 3327 373 3407 Notabili
393 3327 535 3405 sanguinis
556 3329 667 3393 humani
690 3329 832 3400 effusione,
863 3349 927 3404 quae
952 3338 994 3386 est

64 3409 215 3466 mortaliter
225 3407 371 3486 injuriosa:
386 3409 449 3467 vide
460 3429 520 3486 cap.
538 3408 699 3468 Eccnnsrts
710 3413 745 3468 de
759 3414 993 3481 (obsecratione,

64 3491 128 3550 dist.
147 3489 172 3552 1.
188 3499 217 3552 et
230 3510 289 3574 cap.
302 3489 334 3551 St
349 3489 503 3552 Eccrnsn
513 3491 558 3551 lib.
574 3490 603 3558 3,
616 3491 728 3550 Decret.
743 3493 786 3552 tit.
799 3492 848 3550 40.
861 3491 925 3550 binc
940 3512 992 3550 non
