2130 3990
117 164 175 229 lec
499 168 673 229 amerinus
759 138 764 147 ⁶

157 323 370 388 Parilarmiterl
407 326 530 388 nendum
554 326 590 388 de
604 325 769 398 Sacerdota·
783 329 832 408 qui
843 321 930 409 snper
944 347 1035 410 carpo.

112 410 172 471 tale
193 408 341 488 ·pmulseet
407 409 491 467 ostias
517 412 637 467 minores
672 407 884 483 consecrandas,
911 414 1035 489 quanvis

114 501 240 569 tempore
255 490 475 547 Caueecratianis
488 488 523 546 de
537 491 577 550 eis
591 510 645 547 nou
660 492 805 567 cogitaret.
872 530 875 537 -

151 570 285 630 Similiter
297 569 341 626 dlc
363 566 400 625 de
416 570 551 638 Peranna,
573 571 622 647 qui
644 570 738 629 medit
750 578 830 631 nocte
843 570 986 631 excitatns
997 571 1033 633 ad

112 670 183 710 mox
211 647 422 708 ministrandum
447 648 661 719 Sacramentum
683 650 827 730 Baptismi,
849 651 1030 724 Paenitentia,

113 729 434 803 Extrema-Unctionis‚
453 728 507 788 &a
522 733 562 789 sic
574 729 796 792 nemi-dormiens
806 731 1029 812 curritadllep·

111 814 261 885 tistarium,
281 810 337 869 &a
360 820 390 871 et
402 814 443 871 ita
455 810 548 870 adhuc
562 812 687 871 turbata
707 812 925 873 Sacramentum
939 816 1029 875 minir-

111 904 178 957 arat.
400 908 404 913 '

113 1056 155 1116 n.
170 1054 218 1114 40.
233 1054 292 1115 uu
306 1052 587 1114 ruununrouu
611 1052 874 1115 necessarum
895 1016 1026 1117 lirare

226 1212 229 1217 ¹
316 1133 822 1195 aarexenauacarncur.
975 1180 978 1185 ,

109 1298 134 1357 l.
150 1297 256 1358 Facere
281 1296 360 1377 quad
373 1289 458 1375 sa‘cit
470 1260 609 1355 Ecclesia
635 1304 679 1355 aar
691 1256 878 1356 r‘nterrtr‘om‘a.¹
886 1296 927 1357 11.
944 1298 1026 1366 Quod
1050 1330 1059 1379 l

150 1387 204 1439 m,
246 1377 304 1439 ΙΙΙ,
335 1375 539 1454 Quadruplex.
559 1376 617 1436 lv.
645 1376 715 1436 Noa
736 1379 1024 1452 requieturinmn'o
1052 1392 1059 1449 ε’

149 1480 167 1517 e
183 1459 359 1601 jegaal.
380 1457 584 1541 Necsaciendi
596 1477 694 1518 verum
709 1458 953 1589 Sacramentum..
974 1460 1020 1591 ΙἩ,
1046 1492 1059 1615 ἒ

149 1705 175 1764 Ι.
202 1704 392 1764 Lauernam
418 1711 448 1761 at
473 1702 633 1763 calvinistae
658 1709 859 1781 consequenter
880 1701 918 1761 ad
943 1722 1019 1763 auum
1045 1732 1059 1781 μ

106 1786 273 1864 principium
289 1803 434 1843 erraneam
449 1782 485 1843 de
497 1783 739 1851 sacramentorum
752 1780 888 1856 efficacia,
910 1802 967 1862 qua
978 1804 1020 1843 va-
1045 1810 1059 1851 ι

105 1867 177 1940 lunt,
190 1872 374 1925 Sacramenta
386 1884 442 1923 nun
455 1884 517 1922 esse
530 1865 582 1922 nisi
595 1865 683 1940 signe,
698 1863 797 1941 quibua
810 1865 838 1922 in
854 1863 1018 1925 nobisexci·
1045 1902 1052 1939 -,

105 1956 183 2006 tatur
206 1946 285 2015 fides,
307 1944 576 2025 qudjastificamur‚
596 1943 705 2018 docent,
726 1945 762 2003 ad
789 1947 913 2004 valorem
926 1946 1019 2005 Sacra·
1046 1974 1059 2014 ι

106 2030 193 2087 ruenti
205 2024 340 2097 sufficere,
362 2035 448 2084 utres
462 2033 492 2083 et
504 2024 586 2083 verba
598 2033 743 2103 ponantur,
765 2025 978 2104 qualiscumque
988 2030 1019 2087 rit
1046 2050 1057 2063 ·

109 2111 225 2168 intentio
240 2108 363 2168 Ministri
371 2130 379 2180 ;
400 2109 465 2185 quia
477 2105 513 2164 ad
529 2103 710 2164 excitandam
723 2096 807 2165 fidem
821 2126 877 2166 non
892 2106 1020 2169 desinunt
1054 2136 1059 2171 :

104 2209 166 2249 case
179 2210 197 2247 a
216 2197 257 2249 ta.
643 2232 646 2237 ‹
1054 2218 1059 2253 .·

144 2210 232 2330 Hudc
245 2288 361 2329 errorem
375 2266 734 2348 proscripsitTridentinum
748 2269 880 2347 superiori
891 2268 983 2330 Num.
994 2270 1017 2329 l.

102 2352 219 2410 citatum
248 2351 360 2423 decens,
380 2351 479 2427 requiri
501 2350 683 2408 intentionem
709 2346 830 2408 faciendi
854 2348 930 2429 quud
956 2348 1020 2413 tacu
1051 2382 1059 2415 r

105 2431 241 2492 Ecclesia.
378 2467 382 2477 ·
886 2472 889 2477 <

148 2511 357 2589 Quotcplr'citer
368 2512 516 2589 distingui
523 2515 624 2590 pateat
635 2508 775 2589 objectam
789 2509 1019 2590 r'nteatr'onalssn·
1053 2568 1059 2575 .

100 2595 203 2652 cienda*
213 2593 375 2671 quodsam‘t
387 2591 549 2651 Ecclesia?

101 2746 104 2753 Ι
142 2674 231 2755 Resp-
256 2672 497 2752 Quadrupliciter:
520 2671 635 2731 undeet
657 2671 722 2730 talis
742 2673 861 2731 intentio
874 2674 962 2732 etiam
976 2681 1021 2733 eat

119 2755 205 2816 uadru
227 2756 283 2813 lex.
980 2794 983 2799 .

99 2776 119 2834 q
141 2835 177 2893 1⁰·
194 2774 315 2895 llltentia
329 2834 450 2895 faciendi
461 2836 536 2895 mere
546 2836 684 2894 actionem
692 2843 817 2892 externae
829 2835 1015 2908 ceremoniae,

97 2919 177 2996 quasi
200 2918 389 2991 materialiter,
409 2928 535 2996 sumpte,
554 2918 614 2977 sine
639 2915 697 2973 nlla
723 2914 865 2973 voluntate
877 2916 1021 2994 personali

97 2998 217 3057 faciendi
231 2999 454 3071 Sacramentum,
468 2998 510 3057 vel
521 2996 597 3076 quod
610 2995 680 3054 facit
695 2994 842 3053 Ecclesia:
863 2994 1022 3055 unde-haee-

96 3083 187 3139 vocari
201 3081 274 3139 salet
286 3083 404 3139 intentio
417 3081 495 3138 mere
509 3087 636 3137 externa.
907 3114 911 3121 -
992 3104 996 3113 ·

135 3158 177 3217 2⁰·
200 3161 327 3220 Intentio
348 3168 520 3240 potestesse
542 3178 599 3216 nan
622 3163 729 3217 tantum
751 3159 872 3216 exterius
891 3156 1021 3219 faciendi

93 3241 176 3300 ritum
192 3249 352 3314 externum,
369 3239 419 3299 aed
442 3243 526 3298 etiam
541 3241 612 3297 intus
626 3248 656 3296 et
678 3241 771 3297 auimo
795 3237 914 3298 faciendi
928 3258 1023 3317 geae-

93 3323 176 3381 ratim
199 3321 275 3400 quod
292 3319 358 3380 lacit
372 3322 512 3387 Ecclesia,
533 3318 667 3399 quidquid
683 3322 792 3378 interim
808 3320 940 3379 Minister
951 3339 1017 3379 aen·

96 3402 149 3461 tint
159 3401 195 3460 de
207 3406 269 3481 ipsa
283 3401 419 3461 Ecclesia.
461 3402 534 3460 Haec
548 3403 663 3459 intentio
677 3399 775 3458 dicitur
787 3403 905 3460 iuterna.

131 3480 175 3540 3⁰·
190 3482 314 3542 Intentio
325 3481 446 3542 faciendi
458 3484 514 3541 veri
526 3482 646 3541 nominis
659 3483 885 3550 Sacramentum,
899 3491 931 3543 ut
943 3478 1019 3542 lacit

96 3561 224 3623 Ecclesia
237 3562 380 3625 Romane.
955 3606 958 3611 ·
1018 3604 1023 3613 ·

134 3650 175 3706 4⁰·
190 3645 313 3705 Intentio
324 3643 484 3705 conferendi
495 3640 611 3704 effectus
624 3643 857 3703 sacramentales.
899 3643 1018 3704 Deinde

92 3724 269 3810 quadruplex
282 3726 331 3787 illa
344 3729 459 3788 intentio
473 3733 563 3807 porat
574 3745 633 3786 eme
645 3726 829 3807 particularis,
848 3726 906 3785 sive
921 3726 1017 3805 expli·
