2130 3990
100 172 162 232 800
463 190 645 237 ruscianos
672 226 678 233 .

117 331 257 395 '1v.2⁰·
279 335 431 399 Probatur:
462 339 526 418 quia
549 338 689 410 Christus,
718 338 829 398 Psalm.
846 336 915 397 109.
940 339 1021 400 dicitu

103 415 250 475 Sacerdos
264 422 295 476 in
308 429 446 482 eternum
460 420 620 479 secundum
645 421 778 480 ordinem
790 419 1020 490 Melchisedech:

101 516 166 575 quas
180 497 268 557 verba
281 503 433 560 secundum
447 502 613 581 Apostolum
626 501 662 557 ad
676 500 871 574 Hehroeos„c.
885 501 914 563 7.
928 501 956 559 8.
970 503 1023 561 etl.

99 579 139 636 ita
152 581 321 639 conveniunt
334 582 461 654 Christo;
485 592 583 640 utnon
597 582 684 657 possit
700 582 754 640 dici
769 583 925 642 Sacerdos
935 602 1023 643 sccun-

99 661 169 718 dum
194 663 326 721 ordinem
340 666 461 725 Aaron:
482 662 559 742 atqui
578 661 788 721 Melchisedech
813 663 918 721 obtulit
931 663 1023 723 Sacrifi-

99 740 210 799 ciumin
221 741 299 802 Pane
310 754 339 803 et
352 745 439 819 Vino,
452 754 484 804 ut
496 752 606 803 constat
617 764 656 802 ex
671 743 790 818 Genesi,
805 765 870 822 cap.
885 743 934 803 14.
949 765 976 805 v.
989 744 1024 805 ltl.

99 842 168 900 ergo
179 832 207 879 et
218 822 355 897 Christus,
368 828 414 904 qui
423 837 484 886 erat
493 826 631 884 Sacerdos
645 826 799 883 secundnm
809 827 898 884 ritum
906 824 1025 885 offerenti

101 903 320 977 Melchisedech,
341 909 436 967 debuit
447 909 475 965 in
489 907 568 966 Pane
582 915 611 965 et
624 905 701 979 Vino
715 905 898 965 Sacrificium
922 905 1024 965 offerre:

96 982 153 1062 jam
167 993 260 1043 autem
273 988 326 1045 nisi
345 989 373 1047 id
386 990 483 1048 fecerit
504 990 532 1046 in
548 987 734 1060 Eucharistia,
753 987 856 1046 nullibi
877 987 963 1058 socia
981 1008 1026 1047 noa

98 1066 220 1124 enimin
244 1068 335 1127 Crucc
357 1070 405 1128 uhi
419 1070 529 1148 Corpus
547 1077 576 1128 et
588 1068 758 1148 Sanguinem
782 1089 871 1128 sumn
895 1068 1024 1129 obtritis
1064 1082 1065 1087 ’

96 1147 214 1223 propriis
227 1150 373 1225 speciebus
386 1173 392 1209 :
413 1172 482 1229 ergo
496 1152 524 1208 in
535 1149 630 1207 ultima
643 1170 741 1207 coenn:
760 1171 816 1209 nec
825 1152 923 1208 solum
932 1149 1026 1222 ibi,ssd

96 1229 186 1286 adhuc
200 1231 322 1305 quotidie
335 1241 465 1309 tanquam
479 1231 610 1290 Minister
626 1231 785 1308 principalis
807 1231 964 1291 ministerio
980 1232 1024 1289 Sa·

96 1309 239 1367 cerdotum
262 1331 326 1369 sese
340 1312 430 1383 offert,
457 1323 486 1370 et
507 1313 560 1369 hac
582 1312 690 1369 ratione
717 1314 803 1370 etiam
825 1315 1025 1391 sempiternus

97 1390 181 1448 habet
196 1391 476 1452 Sacerdotium...
490 1411 601 1470 semper
615 1397 716 1450 vivens
728 1395 770 1451 nd
782 1392 1026 1471 interpellandum
1061 1464 1064 1475 Ι

90 1473 251 1547 pro-nobis,
264 1481 296 1530 ut
309 1475 429 1552 loquitur
444 1474 597 1551 Apostolus
610 1474 646 1530 ad
662 1472 752 1532 Hebr.
768 1492 830 1551 cap.
844 1471 876 1531 7.
1013 1506 1017 1523 ι

137 1552 204 1631 (lhj.
227 1552 435 1614 Melchisedech
458 1574 514 1612 non
535 1554 635 1612 obtulit
647 1552 800 1612 Panem-et
814 1552 927 1613 Vinum
937 1552 968 1609 in
979 1551 1023 1609 Sa·

96 1632 238 1705 criticum,
266 1637 317 1694 sed
330 1637 444 1713 protulit
453 1656 488 1696 ea
501 1636 537 1694 ad
549 1634 727 1693 reficiendum
740 1633 868 1693 Abrnhae
882 1633 982 1692 milites
992 1652 1023 1692 ax

94 1716 191 1791 praelio
204 1717 379 1795 defatigatos.

136 1794 172 1855 lt.
187 1796 270 1855 Licet
290 1799 432 1874 probabile
455 1798 500 1870 sit,
521 1796 731 1855 Melchisedech
755 1796 868 1856 Panem
882 1803 913 1855 at
926 1794 1022 1855 Vinum
1058 1823 1065 1887 Ι

94 1876 222 1935 divisisse
234 1879 316 1936 sociis
329 1878 468 1949 Abrahae3
494 1878 559 1956 quia
572 1878 656 1935 moris
671 1882 740 1949 erat,
756 1878 829 1935 utin
843 1875 1021 1936 Sacrificiisin

94 1958 246 2034 gratiarum
260 1960 395 2019 actionem
409 1960 550 2032 institutis,
571 1966 681 2017 veteres
701 1958 804 2037 aliquid
817 1957 967 2017 oblationis
978 1958 1019 2014 dc·

94 2048 254 2114 gustarent;
276 2041 389 2098 dubium
413 2051 505 2099 tamen
519 2048 642 2111 nonest,
665 2041 844 2111 eademante
856 2037 1019 2096 Sacrificium
1056 2048 1064 2117 ἓ

97 2119 218 2178 Domino
242 2121 334 2179 oblata
360 2123 462 2192 luisse3
494 2122 558 2198 quia
580 2125 655 2179 certo
676 2120 782 2178 sciebat
805 2119 1018 2190 Melchisedech,
1056 2126 1064 2199 J

95 2201 217 2258 Abrahae
238 2202 337 2261 milites
360 2204 456 2280 spoliis
480 2212 594 2279 onustos
608 2223 664 2260 non
682 2202 793 2279 eguisse
813 2200 894 2258 Pane
909 2209 939 2258 et
952 2199 1018 2258 Viuo
1056 2204 1064 2242 l

94 2282 203 2339 aliunde
225 2285 388 2359 asportatis:
409 2304 477 2362 ergo
494 2305 549 2340 non
573 2283 669 2342 detulit
691 2303 778 2359 panes
798 2283 834 2340 nd
849 2281 1017 2339 reficiendum

94 2364 264 2433 exercitum3
287 2366 337 2422 sed
350 2378 381 2422 ut
395 2365 510 2422 solemni
522 2364 663 2422 Sacrificio
673 2364 776 2442 gratias
786 2372 887 2441 ageret
900 2361 964 2420 Deo
976 2381 1017 2438 pro
1057 2370 1061 2391 ¹

94 2444 208 2501 victoria
222 2444 353 2505 Abrahae.
1058 2512 1061 2520 Ι

137 2524 178 2580 2⁰·
198 2525 274 2592 Quia
288 2527 425 2603 scriptura
437 2545 514 2603 saepe
535 2527 701 2582 mentionem
716 2525 781 2581 facit
802 2522 939 2581 Sacrificii
956 2522 1017 2580 blel-
1058 2546 1064 2564 ²

93 2606 238 2664 chisedech
259 2614 291 2663 ut
313 2608 432 2665 distincti
456 2607 491 2664 ab
515 2605 671 2664 ⁴horonico:
694 2626 762 2682 crgo
790 2604 959 2663 conveniens
973 2614 1016 2673 est,
1057 2630 1061 2644 ·

94 2697 125 2744 ut
138 2687 236 2746 alicubi
247 2688 330 2756 dicat,
353 2691 434 2765 quale
448 2688 530 2746 fucrit
543 2689 609 2745 illud
623 2685 811 2745 Sacrificium:
838 2685 863 2742 si
871 2693 965 2743 autem
980 2684 1017 2740 illu

93 2768 195 2826 oblatio
216 2790 318 2846 panum
342 2770 415 2828 factu
438 2770 512 2826 Gen.
535 2768 579 2825 14.
595 2789 650 2826 non
672 2768 708 2824 sit
722 2787 818 2824 vorum
842 2765 1017 2834 Sacrificium,

93 2850 187 2906 nullibi
202 2850 344 2927 Scriptura
355 2852 513 2927 loqueretur
527 2850 561 2907 de
575 2847 717 2907 Sacrificio
733 2847 953 2906 Melchisedech.

135 2929 173 2988 V.
190 2930 231 2986 3⁰·
254 2931 459 2989 Eucharistiam
474 2951 536 2988 esse
557 2929 738 3000 Sacrificium,
760 2928 892 3006 probatur
913 2946 951 2984 ex
965 2946 1017 2984 ver·

93 3007 135 3067 b'o
149 3012 326 3069 institutionis
340 3013 433 3070 relatis
452 3011 555 3069 Matth.
570 3010 616 3079 26,
634 3010 725 3069 Mum.
743 3010 789 3069 14.
808 3008 878 3066 Luc.
894 3007 944 3065 22.
959 3007 1017 3065 etl.

93 3092 128 3147 ad
143 3092 209 3149 Cor.
231 3113 290 3169 cap.
310 3093 353 3153 ll.
369 3093 521 3170 exquibus
545 3095 586 3150 sic
600 3102 840 3170 argumentamur:
868 3097 900 3146 ut
915 3088 1018 3146 Eucha-

92 3173 169 3230 ristia
192 3175 228 3231 sit
242 3174 422 3246 Sacrificium,
450 3174 559 3244 sufficit,
579 3182 610 3231 ut
633 3175 661 3232 in
683 3194 718 3232 ca
735 3174 770 3230 sit
789 3170 892 3230 oblatio
906 3170 1018 3228 victima

92 3273 155 3309 cum
171 3255 303 3312 effusione
317 3255 475 3332 sanguinis:
491 3255 576 3332 atqui,
599 3263 631 3312 ut
645 3255 780 3331 colligitur
793 3274 829 3310 ex
843 3251 911 3310 locis
928 3251 1020 3320 citatis,

91 3336 224 3408 praedicta
238 3336 340 3393 oblatio
364 3338 499 3413 reperitur
526 3337 553 3393 iu
579 3335 769 3404 Eucharistia5
795 3334 859 3410 quia
886 3333 978 3410 agitur
990 3333 1020 3388 ‹lc

91 3413 229 3475 oblatione
254 3426 282 3475 ct
296 3417 438 3489 effusione,
460 3438 523 3495 quae
539 3424 602 3474 actu
615 3415 727 3487 fiebant,
751 3417 816 3474 dum
836 3415 965 3473 (llinistus
985 3413 1020 3472 lo.
