2130 3990
411 199 454 243 na
475 198 628 247 maniano
926 180 983 244 177

94 342 198 425 Hujus
215 352 310 405 anum
330 346 426 425 praxis
446 347 517 405 ratio
531 353 575 406 eat
587 344 744 426 pen‘eulum
757 343 861 420 moros,
882 347 929 405 cui
942 349 983 411 ob

48 425 212 506 inopinatos
235 446 314 486 casus
336 429 468 487 condono
488 436 668 506 exponuntur
688 425 812 509 parvuli:
832 423 909 487 unde
924 447 982 489 non

49 510 113 568 sini
127 509 253 589 periculo
267 517 375 568 amram
389 507 575 568 damnationis
596 510 755 591 Baptismus
776 527 872 567 corum
893 527 981 588 usqua

52 588 91 648 ad
103 609 188 650 usum
202 591 314 649 rationis
327 598 421 669 poscat
433 589 549 649 differri.

94 673 132 731 lu
140 671 305 731 honitarum
315 673 459 751 Baptismo
467 669 615 750 respondet
624 669 980 750 ejnsfiguracircumcisio‚

54 770 115 895 ppos
138 752 227 812 tiabat
246 759 314 811 ante
335 772 419 814 usum
441 754 561 827 rationis,
581 751 688 813 scilicet
709 762 807 813 octavo
827 755 981 815 amanus

91 914 166 993 Obj.
186 912 212 972 1.
244 913 410 994 Baptiaandi
436 912 539 973 debent
567 913 641 994 paida
668 912 770 987 doceri,
795 913 883 993 juxta
908 914 979 978 illud

58 994 158 1056 Mean.
182 1014 246 1076 cap.
269 997 321 1056 nit.
346 996 461 1055 Docere
473 1013 570 1055 omnes
592 995 711 1068 Gentes,
724 994 907 1074 duplicantes
918 1015 977 1069 coe,

60 1075 104 1138 tu.
119 1080 188 1147 item
202 1076 313 1136 credere
322 1077 410 1157 juxta
424 1078 517 1136 Marc.
532 1077 659 1156 capuit.
692 1077 757 1144 Qui
778 1076 931 1136 crediderit
950 1087 979 1139 et

60 1159 343 1236 baptizatuesuerit;
366 1161 434 1218 item
448 1160 593 1238 praenitere,
612 1158 700 1237 juxta
719 1157 789 1218 illud
803 1160 898 1217 Actor.
912 1178 975 1240 cap.

60 1245 80 1299 1.
91 1239 303 1299 Pudentem
312 1245 406 1318 agite,
414 1249 443 1301 et
450 1239 614 1317 baptizetur
623 1241 822 1320 unusquisque
831 1237 975 1310 cando,-

59 1319 261 1461 rtffliinfantas
274 1322 462 1382 anatiliorum
476 1329 589 1379 actuum
597 1321 762 1401 incapaces:
783 1341 855 1400 ergo,
870 1316 926 1385 &a

120 1447 129 1461 .
150 1401 228 1481 Ncg.
248 1423 362 1484 conseq.
383 1405 449 1481 quia
461 1400 504 1461 illi
517 1401 666 1483 Scriptura
679 1410 784 1474 textura,
799 1401 893 1482 quoad
905 1422 975 1483 prn-

56 1482 122 1545 iatos
134 1494 218 1543 actus
230 1492 358 1562 spectant
370 1483 488 1554 adultos,
510 1503 565 1542 non
579 1483 725 1563 parvulos:
746 1504 814 1543 nam
825 1484 934 1546 Matth.
948 1493 977 1547 et

54 1564 141 1625 Marc.
154 1584 220 1661 cupt
233 1565 285 1623 ult.
300 1569 449 1626 mittuntur
461 1565 591 1644 Apostoli
599 1564 635 1625 ad
647 1564 846 1625 convertendas
855 1558 974 1639 Gentai,

52 1644 978 1807 ttttttttttttfttt'tittttttitittitttt

48 1806 184 1875 Mus?
203 1807 281 1867 unde
302 1828 411 1888 semper
433 1809 524 1888 agitur
545 1807 580 1867 de
604 1807 723 1868 adultis:
743 1806 864 1868 infantes
877 1819 974 1869 autem

48 1887 147 1951 horum
161 1899 276 1949 actuum
297 1892 443 1969 incapaces
457 1890 616 1951 nullatenus
635 1888 675 1948 ibi
688 1888 973 1973 prohibentuabapti·

48 1988 116 2031 zan.

75 2051 146 2129 obj.
159 2050 199 2109 ΙΙ,
212 2051 266 2110 Per
275 2053 449 2130 Baptismum
460 2052 658 2111 contrahuntur
667 2072 761 2130 graves
770 2051 951 2131 obligationes
962 2077 970 2127 ;

48 2135 123 2211 atqui
134 2133 264 2271 iptdquum
288 2133 396 2192 videtur
417 2154 473 2192 non
488 2134 718 2193 consentientibus
730 2135 794 2193 illas
806 2136 970 2212 imponere:

48 2232 62 2270 a
171 2234 197 2272 c.

62 2232 125 2354 mii.
152 2296 237 2372 Nego
260 2297 415 2355 minorem:
437 2298 503 2374 quia
521 2296 620 2374 jugum
637 2295 740 2355 Christi
753 2316 810 2355 uon
824 2305 969 2376 cotgrave,

48 2374 95 2434 ad
115 2376 178 2435 lava
196 2386 226 2434 et
247 2396 348 2436 suave:
370 2387 428 2436 tum
453 2382 540 2437 ctiam
563 2380 630 2457 quia
653 2384 696 2437 est
717 2376 877 2438 inevitabile
893 2381 969 2439 omni

50 2457 147 2516 volanti
170 2457 284 2530 salvari;
305 2468 365 2517 tum
388 2460 453 2537 quia
473 2458 563 2517 adulti
576 2478 633 2517 nou
646 2464 765 2538 possunt
777 2458 847 2518 illud
862 2458 969 2519 subter·

109 2557 139 2597 re
163 2537 217 2596 sub
240 2560 324 2617 poena
346 2541 532 2599 damnationis
545 2548 673 2599 aetemae:
698 2539 775 2599 unda
797 2540 968 2619 baptizando

51 2619 76 2677 io
122 2626 167 2677 tas
187 2620 264 2678 nulla
286 2621 320 2678 fit
333 2621 388 2680 illie
408 2620 518 2699 injuria,
538 2621 590 2681 sed
611 2621 737 2681 &contra
750 2624 967 2700 magoagratia;

52 2698 110 2759 dnm
124 2711 221 2760 autem
236 2700 326 2759 adulti
341 2711 430 2770 erunt,
451 2712 571 2780 possunt
584 2702 613 2761 'et
626 2701 729 2762 debent
744 2701 821 2780 adigi
834 2711 968 2780 tanquam
1049 2757 1054 2761 .

54 2780 180 2839 Ecclesia
195 2781 300 2840 subditi
312 2782 349 2841 ad
362 2783 515 2843 christiane
528 2783 684 2842 vivendum.

86 2861 210 2920 Evideus
231 2867 329 2921 iterum
354 2866 458 2943 paritas
470 2869 554 2925 estin
570 2865 809 2923 Circumcisioue:
828 2867 876 2943 qui
890 2865 966 2925 enim

52 2940 158 3001 illumin
171 2943 292 3002 infantia
305 2953 480 3024 acceperant,
491 2966 546 3004 non
562 2945 744 3005 censebantur
757 2947 816 3024 pati
828 2945 964 3024 iujuriam,

53 3031 76 3078 et
85 3022 150 3082 faeti
159 3025 253 3093 *adulti
267 3034 347 3085 erant
361 3026 497 3087 debitores
507 3031 639 3088 universa
649 3028 718 3106 logia
727 3025 875 3088 faciendae.
890 3024 966 3087 Vide

54 3103 122 3164 Trid.
137 3126 207 3166 sess.
223 3109 269 3168 cit.
285 3128 347 3167 can.
365 3110 410 3166 14.
