2130 3990
87 215 142 277 lto
429 232 603 277 uncrinus

82 480 124 543 N.
147 477 197 539 36.
225 478 283 539 DE
303 477 410 540 ALIIS
436 478 753 543 FUNCTIONIBUS
776 479 926 542 SACRlS
949 479 997 542 IN·

407 561 547 622 DlGNEi
570 560 725 622 FACTIS.

81 763 107 822 I.
122 761 161 823 In
171 772 295 843 peccato
309 760 431 822 mortali
441 767 623 825 ministrans.
666 760 706 820 11.
722 758 892 822 Mortaliter
903 771 997 840 pecati

120 843 288 905 Diaconus.
322 842 378 903 ΠΙ.
395 843 439 905 Et
450 845 655 906 subdiaconus.
693 842 749 902 IV.
763 841 806 901 Et
814 841 997 922 probabiliter

119 928 279 985 exorcista.
322 923 362 984 V.
388 923 458 985 Non
481 934 576 986 tamen
603 923 661 985 alii
680 927 713 982 in
741 924 808 983 aliis
833 920 997 1001 ruinartius.

118 1005 174 1066 VI.
200 1002 258 1065 Vel
277 1009 308 1065 in
337 1005 609 1068 Sacramenraltons.
651 1004 722 1064 VII.
753 1003 798 1063 De
820 1008 997 1065 consecrante

122 1087 268 1147 Cbrr‘smn.
308 1084 396 1147 VIlI.
407 1086 577 1165 Deseren'te
593 1084 767 1145 Venerabile.
809 1084 866 1145 IX.
885 1080 997 1165 Conrib-

117 1178 203 1228 nator
216 1187 274 1229 non
283 1172 397 1247 peccat.
438 1169 478 1228 X.
494 1168 578 1231 §isit
584 1174 724 1247 peccator
735 1163 879 1261 occultus.

119 1347 232 1410 Docun
243 1349 277 1409 S.
291 1350 431 1420 Thomas,
444 1349 533 1431 suppl.
549 1356 645 1431 quast.
659 1347 710 1411 36.
723 1357 777 1410 art.
794 1348 824 1409 5.
838 1350 868 1410 in
887 1350 915 1410 C
965 1394 975 1414 .

116 1429 142 1489 l.
158 1437 178 1463 ‘⁸
191 1431 369 1512 Quicumque
379 1431 443 1505 hoo,
459 1430 536 1512 quod
546 1432 599 1492 sibi
611 1433 744 1512 competit
753 1452 792 1491 ox
803 1368 997 1506 Ordinem

75 1509 231 1590 indigui...
245 1531 294 1592 por
306 1511 361 1573 hoo
369 1512 521 1575 mortaliter
532 1520 647 1592 paccat3
661 1515 829 1592 quicumque
834 1520 997 1575 autemnon

75 1600 192 1672 peccato
214 1592 324 1655 mortali
345 1593 459 1673 aliquod
479 1593 596 1654 Sacrum
615 1591 752 1653 Officium
765 1601 926 1673 pertractat,
946 1613 997 1657 auo

75 1680 117 1734 ast
140 1671 267 1749 dubium,
287 1675 354 1753 quin
377 1674 492 1755 indignis
514 1674 585 1737 illud
605 1674 708 1735 faciat:
728 1673 803 1734 undo
815 1681 906 1753 patet,
926 1672 996 1754 quib

74 1753 229 1815 mortaliter
240 1753 367 1835 peccat'’
551 1817 555 1823 ,

116 1834 195 1906 Quid
208 1855 272 1914 ergo
285 1832 436 1919 dicentum
450 1834 486 1894 ds
500 1836 638 1909 Diacono,
652 1837 743 1917 quiin
757 1843 876 1916 pascito
889 1834 996 1909 mortib

75 1917 212 1976 ministrat
223 1917 381 1978 sohmnitsr
398 1917 428 1976 in
442 1915 587 1977 Sacrificio
602 1917 720 1978 Missas?
992 1988 996 1995 ⁵

112 1997 155 2057 11.
179 1997 216 2057 R.
232 1996 338 2058 Pascat
349 1999 484 2078 mantus:
504 1996 612 2057 functio
635 2001 712 2058 anim
727 1998 849 2059 Diaconi
863 2004 993 2063 autaut

71 2085 102 2138 et
122 2076 297 2138 sacerdotali
319 2079 463 2159 proxima:
483 2080 610 2157 tantique
633 2081 767 2140 momenti
780 2087 833 2148 est,
854 2081 990 2147 utAotor.

73 2155 103 2217 6.
123 2163 260 2240 assumpti
269 2179 325 2219 non
339 2158 444 2220 norint
455 2158 509 2218 nisi
523 2160 575 2217 viri
587 2158 660 2238 pleni
673 2159 779 2240 Spiritu
793 2160 901 2220 Sancto
915 2167 944 2221 ct
954 2178 996 2237 aa,

71 2241 192 2320 pisutis;
203 2250 233 2300 et
244 2242 395 2320 Apostolus
412 2239 438 2299 l.
453 2239 490 2299 ad
503 2240 633 2300 Timoth.
647 2260 711 2320 cap.
725 2241 754 2300 3.
769 2260 795 2299 ν.
811 2242 858 2300 10.
872 2238 911 2301 de
926 2241 990 2301 Dis·

71 2323 148 2381 conis
168 2321 261 2381 disat:
282 2319 332 2380 Hi
353 2330 444 2380 autem
452 2319 614 2399 probentur
626 2323 769 2402 primurn,
790 2324 879 2382 etsie
892 2320 989 2401 minti:

70 2407 155 2474 trent,
177 2401 289 2463 nubum
302 2404 409 2462 crimen
421 2401 568 2461 babentes.
662 2446 664 2450 Α

110 2482 168 2543 III.
190 2481 270 2542 Idam
284 2482 455 2542 verisimilius
470 2491 580 2542 tenetur
592 2480 629 2541 de
643 2481 823 2543 Subdiaoono
846 2484 887 2544 sia
900 2482 994 2559 minu,

68 2569 171 2630 orote,
187 2571 282 2625 contra
297 2561 404 2623 Hanno
424 2572 453 2621 et
465 2562 534 2622 alios
556 2563 708 2644 quosdam:
730 2570 795 2623 cum
807 2570 835 2624 et
849 2563 989 2633 Otiosu-

69 2662 119 2703 oer
132 2646 177 2719 sit,
197 2653 228 2705 st
247 2645 308 2725 ojus
330 2645 513 2705 ministerium
527 2646 679 2725 propinquis
692 2645 817 2705 similiter
829 2644 947 2704 antemi
958 2642 990 2707 si

69 2725 294 2786 Sacratissimum
306 2724 492 2793 Sacrificium,
512 2734 597 2807 atqua
617 2727 653 2786 ad
666 2725 696 2786 id
707 2726 865 2805 specialiter
877 2723 989 2806 tepus

68 2813 113 2866 tus
126 2815 156 2867 st
169 2814 341 2866 consecratus
351 2808 395 2865 sit.

108 2887 177 2948 Non
191 2895 283 2948 umen
297 2885 363 2946 hinc
376 2889 510 2966 sequitur,
531 2908 603 2958 oum,
625 2889 672 2968 qui
685 2887 756 2947 solus
766 2886 908 2948 celebrans
922 2887 989 2948 Dia·

68 2969 133 3027 coni
147 2976 178 3027 et
191 2967 362 3028 Subdiaooni
386 2967 480 3028 officio
493 2966 625 3048 suuntur,
644 2969 723 3048 pluro
736 2976 852 3048 peccata
863 2971 988 3030 commit·

66 3054 127 3108 tare
137 3069 175 3108 ax
189 3047 246 3107 hoo
256 3050 365 3128 capito:
386 3050 452 3128 quis
464 3069 560 3109 omnes
572 3051 616 3108 isti
626 3057 703 3110 actus
714 3057 842 3130 spectant
850 3048 888 3109 ad
901 3068 997 3129 uuum,

65 3127 249 3211 principalem
260 3130 296 3188 ab
309 3128 407 3188 codam
418 3131 579 3190 exercitum.

106 3213 152 3270 An
178 3209 303 3272 similiter
315 3209 466 3270 dicundum
479 3209 515 3271 da
538 3210 586 3271 illo
599 3211 648 3290 qui
670 3212 699 3271 iu
721 3209 772 3270 tuli
784 3217 859 3273 statu
872 3219 989 3274 oxaroot

66 3290 188 3351 Ordines
202 3291 344 3352 minores?

103 3371 158 3432 IV.
174 3373 212 3436 R.
228 3371 357 3434 Pauwals
376 3392 442 3432 oum
454 3371 594 3433 nonnullis
612 3372 762 3442 existimat,
782 3372 859 3432 illum
872 3391 989 3452 peccare

62 3453 227 3528 mortaliter,
250 3455 299 3534 qui
312 3456 341 3514 in
354 3453 478 3514 Nomius
491 3452 597 3514 Christi
617 3455 755 3534 praesumit
768 3453 922 3514 Diabolum
935 3474 986 3515 ax·

62 3533 165 3613 pellere
179 3554 220 3594 ox.
239 3554 350 3616 corporo
363 3534 464 3610 alieno,
485 3533 533 3599 ubi
545 3536 663 3616 ipsamet
684 3535 797 3597 Diaboli
810 3536 987 3616 mancipium
