2130 3990
359 220 400 262 na
422 219 639 264 nucnanrsrm.
914 204 975 265 :255

79 356 127 423 R.
145 363 230 444 Nego
255 382 365 443 conseq.
387 366 463 436 Quia
478 388 534 425 non
559 372 602 424 est
616 365 652 424 de
666 367 774 424 ratione
788 367 975 437 sacramenti,

48 448 124 522 quod
138 451 255 525 gratiam
278 454 343 504 actu
358 448 499 510 conferat:
521 448 571 506 sed
595 445 705 514 sufficit,
728 448 803 526 quod
817 451 854 506 sit
867 448 975 507 collati-

48 542 115 585 vam
139 532 247 607 gratia,
276 528 334 585 aive
351 528 428 604 quod
453 529 557 586 habeat
575 531 632 586 virn
655 527 815 587 confercndi
840 532 974 606 gratiam;

48 604 108 683 jem
115 618 215 667 autern
227 608 408 667 Eucharistia
421 612 504 667 etiam
518 613 547 668 in
558 610 673 667 Cibnrio
684 617 821 677 asservata
830 609 977 669 habetvim

51 684 130 749 illam
150 689 328 768 completam,
352 688 456 747 scilicet
479 689 617 749 nutriendi
640 689 818 769 spiritualiter
842 691 977 763 animam,

53 768 290 845 quemadmodum
304 769 382 827 cibus
397 771 543 849 corporalis
553 776 639 830 etiam
650 779 714 830 aute
723 772 911 848 sumptionem
926 771 976 835 ha·

56 846 101 907 brt
111 852 167 909 vim
180 848 322 908 muniendi
335 868 444 928 corpus.

63 1030 111 1092 b'o.
130 1033 161 1093 5.
184 1032 233 1091 IN
254 1030 347 1100 QUO
369 1030 712 1092 essentialitate
740 1033 977 1103 CONSlSTA'l’

109 1204 112 1209 Ι
172 1112 504 1174 Sacramentum
543 1114 855 1184 EUCHARISTlAE.

61 1292 82 1357 l.
104 1294 174 1356 Non
190 1298 326 1357 consistit
339 1299 371 1356 in
396 1315 477 1373 pone
492 1306 519 1354 et
533 1301 610 1367 nino,
630 1296 671 1355 ll.
685 1319 739 1357 nec
763 1303 795 1358 in
821 1300 978 1359 Consecra.

91 1381 180 1451 horre,
192 1376 248 1437 ΙΙΙ.
264 1399 316 1437 nec
332 1381 362 1437 in
376 1378 551 1455 sumptione.
563 1376 618 1437 IV.
634 1398 689 1437 nec
704 1384 734 1438 in
745 1381 817 1440 sotis
829 1382 980 1460 speciebus

92 1459 142 1518 nel
156 1460 286 1539 Corpore
303 1458 426 1530 Christi,
446 1457 485 1517 V.
500 1458 555 1517 sed
567 1462 596 1517 in
613 1469 735 1540 utroque
748 1461 844 1529 sr'mul.

92 1648 117 1709 Ι.
143 1647 202 1707 EX
222 1647 304 1709 (lictis
319 1647 407 1707 Num.
429 1645 458 1704 4.
479 1649 666 1725 consequitur,
691 1647 894 1707 Eucharistiam
922 1669 978 1707 nou

48 1731 203 1787 consistere
215 1732 244 1789 in
255 1748 326 1808 pane
339 1738 390 1787 aut
409 1728 483 1799 uiuo,
500 1746 565 1804 qua
579 1749 633 1786 non
648 1738 827 1806 permanent:
850 1729 899 1786 sed
913 1740 980 1787 suut

48 1809 226 1869 solummodo
249 1810 368 1869 materia
394 1808 577 1867 eucharistia
601 1812 733 1869 transiens
752 1820 780 1868 et
804 1813 977 1869 extrinseca:

48 1892 128 1949 sicut
140 1890 247 1968 liguum
260 1890 304 1949 rel
327 1890 440 1949 uliares
454 1888 656 1948 combustibilis
680 1900 723 1949 est
736 1893 853 1948 materia
881 1910 980 1968 praere·

48 1972 155 2049 quisita
167 1968 206 2029 ad
220 1970 434 2031 construendum
449 1971 542 2047 ignem
550 1990 557 2038 ;
571 1982 731 2029 nontamen
744 1973 894 2030 essentiam
909 1973 980 2048 ignis

48 2055 231 2111 constituens.

94 2131 137 2191 ll.
158 2133 296 2192 Similiter
309 2133 457 2189 essentiam
472 2131 645 2189 Sacrarnen'ti
670 2153 722 2189 non
738 2133 890 2211 ingreditur
905 2133 979 2191 Con-

53 2215 180 2279 aaran,
202 2219 267 2271 cum
279 2215 316 2270 sit
329 2219 436 2271 tantum
452 2215 524 2270 actio
549 2215 681 2271 transiens
704 2223 732 2270 ct
757 2215 905 2272 conficiens
930 2217 979 2272 Sa-

57 2302 240 2359 cramentum,
265 2293 341 2371 quod
355 2303 395 2351 est
409 2314 449 2350 res
464 2313 639 2373 permanens,

96 2376 154 2433 lll.
172 2375 276 2454 Neque
288 2374 457 2433 Communio
466 2394 515 2432 serr
527 2376 655 2452 Sumptio
663 2383 773 2453 spectat
783 2375 819 2434 ad
831 2378 981 2435 essentiam

62 2456 249 2526 Sacramentl3
271 2456 324 2513 hoc
340 2459 469 2514 animast
484 2452 647 2533 perlectum,
669 2468 818 2531 antequam
841 2468 965 2516 sumatur

61 2535 130 2595 undo
143 2538 279 2616 Sumptio
291 2545 334 2594 est
357 2538 467 2594 tanturn
483 2536 605 2593 conditio
629 2541 793 2604 necessaria,
816 2547 848 2595 ut
861 2539 916 2596 hnc
930 2541 982 2597 Sa·

62 2627 230 2677 crementum
245 2626 372 2695 operetur
383 2637 430 2676 sen
441 2620 543 2675 nutriat
554 2616 739 2695 spiritualiter.

99 2698 153 2756 lV.
178 2699 242 2757 Nec
256 2698 323 2757 solae
336 2701 442 2777 species
456 2697 560 2755 habent
574 2700 709 2755 rationem
721 2699 905 2766 Sacramenti,
915 2699 982 2756 clun

63 2782 173 2855 gratiam
188 2800 244 2838 non
261 2779 434 2856 producant:
451 2779 634 2836 necsimiliter
649 2781 737 2836 solum
754 2779 857 2836 Christi
873 2780 983 2857 Corpus

64 2870 88 2918 et
99 2860 229 2938 Sanguis,
252 2862 319 2917 clun
332 2859 473 2918 sensibilia
487 2880 542 2917 non
556 2863 620 2917 sint.

99 2940 137 2999 V.
164 2942 266 3000 Restat
278 2941 403 3019 proinde,
427 2943 575 3017 utspecies
603 2942 680 3016 panis
705 2948 734 2995 et
761 2942 819 2997 viui
848 2943 985 2999 uaricum

68 3022 182 3101 Corpore
195 3032 226 3081 et
248 3024 391 3098 Sanguine
407 3020 513 3078 Christi
537 3025 705 3078 constituant
730 3020 915 3080 Eucharistiae
931 3024 983 3078 Sa-

67 3111 242 3176 cramentum,
263 3102 364 3181 quibus
378 3123 427 3180 per
447 3103 690 3159 concomitantiam
713 3102 889 3180 conjungitur
916 3104 985 3161 :lni-

68 3202 105 3241 na
119 3184 228 3243 Christi
242 3193 272 3240 et
287 3185 432 3242 Divinitas.

101 3264 171 3343 Obj.
193 3265 218 3323 l.
239 3264 337 3324 Sancti
355 3264 451 3321 Patres
467 3262 635 3342 quandoque
660 3263 866 3321 Eucharistiam
889 3274 988 3325 vocant

71 3346 222 3424 simpliciter
236 3345 346 3424 Corpus
359 3354 388 3401 et
401 3347 571 3420 Sanguinem
589 3345 705 3409 Christi,
726 3365 791 3420 ergo
807 3349 858 3401 tre.

103 3426 138 3485 ll.
162 3427 331 3504 linquuntur
357 3445 406 3503 per
419 3425 624 3502 Syuecdorhen
641 3425 804 3501 accipiendo
819 3434 924 3504 partem
942 3448 990 3506 pro

74 3516 130 3575 toto,
151 3509 261 3567 scilicet
276 3510 383 3586 Corpus
397 3516 425 3563 et
440 3510 607 3583 Sanguinem
626 3506 738 3572 Cltristi,
755 3511 990 3583 proutcontinen·
1047 3548 1049 3553 ·

48 3626 51 3661 ι
77 3602 109 3645 tur
123 3590 174 3647 sub
187 3589 349 3667 speciebus.

109 3669 186 3729 ldem
202 3668 417 3740 obseruandum,
439 3669 461 3724 si
486 3665 521 3724 de
544 3667 598 3725 hoc
628 3669 810 3727 Sacramenta
824 3668 996 3728 affirmentur

77 3749 160 3829 rlirpia
175 3772 237 3831 quae
252 3749 287 3812 de
302 3750 366 3810 solis
382 3749 527 3828 speciebus
542 3758 655 3827 possunt
669 3749 812 3809 verificari:
834 3770 856 3807 v.
871 3772 898 3829 g.
926 3752 996 3811 rlutn
1043 3792 1049 3811 .

519 3888 539 3933 Y
