2130 3990
116 189 177 250 ⁴292
501 203 678 249 ursmarus

154 350 225 410 VII.
243 351 280 410 R.
296 351 327 411 Si
341 349 554 431 qualiscumque
566 348 658 428 liquor
679 351 706 409 in
721 368 805 429 parra
826 352 984 430 quantitate
997 353 1032 412 ed·

112 435 262 493 misceatur
274 433 428 512 respective
442 433 476 491 ad
505 431 612 490 Vinum
627 440 834 505 consecratum,
854 452 976 511 praesens
987 453 1032 494 rue·

113 522 163 573 net
189 513 309 591 Sanguis
332 512 437 573 Christi
449 513 501 573 sub
524 513 618 592 specie
633 510 708 571 ·Vini
721 515 890 573 consecrati:
912 515 980 592 quie
1000 535 1034 594 per

112 593 233 654 similem
257 596 423 654 mixtionem
450 616 507 653 non
533 592 649 652 scIvitnr
669 594 779 673 speeies
793 592 868 654 Vini
883 599 1033 668 consecrati,

114 677 162 734 cui
184 675 255 734 alius
279 673 384 733 effu'sus
410 674 502 754 liquor
518 680 626 735 tantum
641 673 887 747 circumfunditur,
911 684 963 735 aut
974 684 1032 738 certi

112 756 259 816 interfluit.
851 774 853 779 ·

154 839 187 896 Si
200 837 271 897 alius
284 836 375 917 liquor
387 838 481 917 specie
494 837 626 910 diversus,
645 857 672 896 v.
696 856 725 914 g.
739 857 827 916 equa,
840 835 1030 900 affundaturir

111 920 387 998 tantalqunntiteta
408 927 447 989 ut,
469 921 492 978 si
516 917 625 978 adesset
646 917 802 977 substantia
820 916 906 985 Vini,
928 939 964 977 ee
988 940 1030 981 nor

110 1005 282 1070 remaneret3
304 1000 370 1058 crim
398 1008 467 1058 tunc
489 1020 545 1060 nan
560 1009 723 1058 remaneant
738 1001 850 1081 species
863 1010 1029 1073 consecrata,

112 1080 213 1139 desinit
224 1078 277 1137 sub
288 1079 341 1138 illis
359 1083 481 1139 existere
497 1080 615 1159 Sanguis
628 1080 746 1140 Christi.

152 1158 233 1219 Idem
249 1161 331 1220 decet
343 1162 374 1220 S.
389 1162 448 1221 Th.
463 1172 559 1241 quaest.
574 1162 623 1222 77.
639 1170 691 1221 art.
705 1165 734 1220 8.
745 1164 773 1221 in
788 1162 876 1241 Corp.
889 1161 958 1221 durn
968 1160 1030 1223 Viuo

110 1251 274 1300 consecrate
288 1245 316 1301 in
331 1250 411 1301 tenta
423 1245 579 1322 quantitate
593 1241 747 1302 affunditur
759 1242 871 1303 Vinum
882 1264 938 1302 non
947 1264 1029 1303 cause

110 1329 234 1381 cretum:
257 1325 322 1402 quia
331 1323 408 1392 dicit,
431 1345 483 1382 non
500 1341 643 1382 remanere
656 1324 767 1383 easdem
785 1342 907 1383 numero
918 1327 1029 1403 speciem

107 1404 201 1480 plnres
214 1412 307 1462 tarnen
331 1408 496 1464 contrarium
511 1403 558 1463 hic
570 1407 719 1478 sustinent,
739 1416 771 1467 ut
782 1406 904 1473 Suarez,
919 1404 1028 1484 Sylvius,

107 1482 250 1564 Wiggers‚
270 1482 325 1544 &a
805 1550 808 1555 ,

146 1565 235 1624 VIII.
252 1566 331 1625 Hinc
344 1568 446 1625 iterurn
456 1567 599 1626 observent
608 1566 774 1626 Sacerdotes
787 1575 823 1625 ut
836 1569 865 1625 in
883 1566 975 1627 Missa
985 1589 1025 1648 prc

107 1645 210 1705 ultime
234 1647 378 1706 ablutione
391 1659 488 1707 curent
501 1647 609 1707 effundi
623 1649 686 1727 plus
701 1666 779 1725 aqum
803 1650 893 1723 quim
908 1648 984 1716 Vini,
1005 1661 1030 1711 ut

106 1732 147 1785 sic
161 1732 237 1785 certa
263 1728 402 1787 salvantur
415 1728 481 1787 Vini
494 1732 644 1787 consecrati
657 1732 782 1808 species:
806 1748 869 1810 quae
883 1729 954 1791 edm
966 1729 1028 1790 fortd

106 1808 125 1863 ri
138 1807 326 1886 purificatorio
340 1809 501 1868 indecenter
512 1809 732 1871 absumerentur.

149 1887 203 1947 IX.
218 1888 367 1968 Inquirunt
390 1889 435 1948 hic
448 1893 542 1961 etiarn,
564 1911 601 1949 an
624 1901 653 1949 et
666 1889 805 1970 quomodo
821 1892 904 1959 Deus
917 1891 1029 1955 Peme

104 1970 226 2046 Spiritus
241 1971 362 2029 Sanctus
376 1974 472 2030 sintin
488 1972 543 2029 hoc
557 1972 743 2031 Sacramenta
754 1973 929 2051 praesentes?
988 1978 991 1983 '

148 2052 184 2108 R.
200 2053 273 2110 Sunt
287 2052 325 2109 ibi
335 2062 485 2130 praesentes
499 2052 612 2130 speciali
627 2052 751 2133 quadam
767 2056 884 2124 ratione,
900 2055 1024 2115 ticetnor

103 2133 311 2201 sacramentum
329 2134 469 2211 quatenus
484 2154 586 2212 nempe
600 2153 663 2192 cum
680 2135 704 2193 F
706 2135 754 2193 iIio
768 2134 807 2192 ibi
817 2144 971 2213 operantur
982 2140 1024 2195 rni-

103 2213 204 2272 rabiles
217 2217 311 2289 gratiae
322 2213 456 2286 effectus3
473 2222 501 2272 et
514 2217 603 2273 etiarn
615 2225 723 2294 propter
733 2216 1020 2285 circuminsersnnem,
1048 2219 1049 2224 ’

102 2313 152 2352 seu
178 2305 305 2352 mutuam
330 2298 413 2353 unius
425 2299 453 2355 in
466 2295 554 2353 altera
576 2296 700 2355 Persona
716 2298 821 2355 Divina
833 2301 1020 2367 existentiam

101 2377 143 2432 ita
166 2384 206 2441 ut,
229 2378 318 2454 siper
343 2376 512 2455 impossibile
527 2397 580 2435 non
596 2388 687 2435 essent
700 2377 814 2458 ubique,
833 2377 928 2438 forent
940 2390 1018 2439 nnn

100 2454 156 2595 prebe
184 2455 290 2535 duplici
315 2461 422 2517 ratione
442 2459 472 2517 in
486 2457 541 2518 hoc
555 2459 747 2519 Sacramenta.
794 2460 837 2521 Ita
849 2462 1018 2521 communiter
1039 2487 1043 2536 t

151 2539 267 2596 nmistae.
