<?xml version="1.0" encoding="UTF-8"?>
<!DOCTYPE html PUBLIC "-//W3C//DTD XHTML 1.0 Transitional//EN"
    "http://www.w3.org/TR/xhtml1/DTD/xhtml1-transitional.dtd">
<html xmlns="http://www.w3.org/1999/xhtml" xml:lang="en" lang="en">
 <head>
  <title>
</title>
<meta http-equiv="Content-Type" content="text/html;charset=utf-8" />
  <meta name='ocr-system' content='tesseract 3.04.00' />
  <meta name='ocr-capabilities' content='ocr_page ocr_carea ocr_par ocr_line ocrx_word'/>
</head>
<body>
  <div class='ocr_page' id='page_1' title='image "./theologiamorali02densgoog_0250.png"; bbox 0 0 2130 3990; ppageno 0'>
   <div class='ocr_carea' id='block_1_1' title="bbox 340 194 970 263">
    <p class='ocr_par' dir='ltr' id='par_1_1' title="bbox 340 194 970 263">
     <span class='ocr_line' id='line_1_1' title="bbox 340 194 970 263; baseline 0.002 -3"><span class='ocrx_word' id='word_1_1' title='bbox 340 219 383 261; x_wconf 81' lang='lat' dir='ltr'><strong>ns</strong></span> <span class='ocrx_word' id='word_1_2' title='bbox 402 218 673 263; x_wconf 81' lang='lat' dir='ltr'><strong>courrnusrrous.</strong></span> <span class='ocrx_word' id='word_1_3' title='bbox 903 194 970 261; x_wconf 72' lang='lat'><strong>&#39;243</strong></span> 
     </span>
    </p>
   </div>
   <div class='ocr_carea' id='block_1_2' title="bbox 48 443 967 688">
    <p class='ocr_par' dir='ltr' id='par_1_2' title="bbox 48 443 967 688">
     <span class='ocr_line' id='line_1_2' title="bbox 48 443 967 510; baseline -0.002 -6"><span class='ocrx_word' id='word_1_4' title='bbox 48 446 81 504; x_wconf 63' lang='lat' dir='ltr'><strong>d.</strong></span> <span class='ocrx_word' id='word_1_5' title='bbox 112 450 162 505; x_wconf 88' lang='grc'><strong>10.</strong></span> <span class='ocrx_word' id='word_1_6' title='bbox 181 446 250 505; x_wconf 73' lang='lat' dir='ltr'><strong>&#39;DE</strong></span> <span class='ocrx_word' id='word_1_7' title='bbox 285 445 548 510; x_wconf 78' lang='lat' dir='ltr'>EFFEOTIBUS</span> <span class='ocrx_word' id='word_1_8' title='bbox 578 443 967 505; x_wconf 78' lang='lat' dir='ltr'>CONFIRMATIONIS.</span> 
     </span>
     <span class='ocr_line' id='line_1_3' title="bbox 247 605 766 688; baseline 0 -22"><span class='ocrx_word' id='word_1_9' title='bbox 247 609 281 667; x_wconf 75' lang='lat' dir='ltr'><strong>S.</strong></span> <span class='ocrx_word' id='word_1_10' title='bbox 298 608 397 668; x_wconf 79' lang='lat' dir='ltr'><strong>Thom.</strong></span> <span class='ocrx_word' id='word_1_11' title='bbox 412 613 517 688; x_wconf 68' lang='lat' dir='ltr'><strong>quaest.</strong></span> <span class='ocrx_word' id='word_1_12' title='bbox 533 605 581 664; x_wconf 83' lang='lat'><strong>72.</strong></span> <span class='ocrx_word' id='word_1_13' title='bbox 595 607 684 665; x_wconf 81' lang='lat' dir='ltr'><strong>art.5</strong></span> <span class='ocrx_word' id='word_1_14' title='bbox 698 612 727 664; x_wconf 83' lang='lat' dir='ltr'><strong>et</strong></span> <span class='ocrx_word' id='word_1_15' title='bbox 737 607 766 667; x_wconf 80' lang='grc'><strong>7.</strong></span> 
     </span>
    </p>
   </div>
   <div class='ocr_carea' id='block_1_3' title="bbox 48 767 968 911">
    <p class='ocr_par' dir='ltr' id='par_1_3' title="bbox 48 767 968 911">
     <span class='ocr_line' id='line_1_4' title="bbox 48 767 968 907; baseline 0.001 -80"><span class='ocrx_word' id='word_1_16' title='bbox 48 768 69 831; x_wconf 87' lang='lat' dir='ltr'><strong>i.</strong></span> <span class='ocrx_word' id='word_1_17' title='bbox 86 769 193 831; x_wconf 74' lang='lat' dir='ltr'><strong>Gratia</strong></span> <span class='ocrx_word' id='word_1_18' title='bbox 205 771 403 847; x_wconf 49' lang='lat' dir='ltr'><strong>memdicare,</strong></span> <span class='ocrx_word' id='word_1_19' title='bbox 428 767 469 845; x_wconf 80' lang='lat' dir='ltr'><strong>li.</strong></span> <span class='ocrx_word' id='word_1_20' title='bbox 482 767 763 907; x_wconf 57' lang='lat' dir='ltr'><strong>ettSocramentalic,</strong></span> <span class='ocrx_word' id='word_1_21' title='bbox 786 767 887 853; x_wconf 24' lang='lat' dir='ltr'><strong>111.·e,t</strong></span> <span class='ocrx_word' id='word_1_22' title='bbox 902 770 968 830; x_wconf 79' lang='lat' dir='ltr'><strong>odu-</strong></span> 
     </span>
     <span class='ocr_line' id='line_1_5' title="bbox 454 870 560 911; baseline 0.019 -4"><span class='ocrx_word' id='word_1_23' title='bbox 454 870 504 909; x_wconf 86' lang='lat' dir='ltr'><strong>rac</strong></span> <span class='ocrx_word' id='word_1_24' title='bbox 519 870 560 911; x_wconf 83' lang='lat' dir='ltr'><strong>er.</strong></span> 
     </span>
    </p>
   </div>
   <div class='ocr_carea' id='block_1_4' title="bbox 48 1011 972 1498">
    <p class='ocr_par' dir='ltr' id='par_1_4' title="bbox 81 1011 734 1091">
     <span class='ocr_line' id='line_1_6' title="bbox 81 1011 734 1091; baseline -0.003 -19"><span class='ocrx_word' id='word_1_25' title='bbox 81 1012 219 1084; x_wconf 72' lang='lat' dir='ltr'><strong>Quium</strong></span> <span class='ocrx_word' id='word_1_26' title='bbox 231 1020 297 1072; x_wconf 89' lang='lat' dir='ltr'><strong>sunt</strong></span> <span class='ocrx_word' id='word_1_27' title='bbox 309 1011 427 1072; x_wconf 78' lang='lat' dir='ltr'><strong>effectus</strong></span> <span class='ocrx_word' id='word_1_28' title='bbox 440 1011 524 1091; x_wconf 87' lang='lat' dir='ltr'><strong>hujus</strong></span> <span class='ocrx_word' id='word_1_29' title='bbox 537 1011 734 1072; x_wconf 79' lang='lat' dir='ltr'><strong>Sacramenti?</strong></span> 
     </span>
    </p>

    <p class='ocr_par' dir='ltr' id='par_1_5' title="bbox 48 1093 971 1335">
     <span class='ocr_line' id='line_1_7' title="bbox 83 1093 971 1172; baseline 0.001 -21"><span class='ocrx_word' id='word_1_30' title='bbox 83 1094 109 1151; x_wconf 90' lang='lat' dir='ltr'><strong>l.</strong></span> <span class='ocrx_word' id='word_1_31' title='bbox 137 1094 175 1152; x_wconf 87' lang='lat' dir='ltr'><strong>R.</strong></span> <span class='ocrx_word' id='word_1_32' title='bbox 201 1094 313 1152; x_wconf 89' lang='lat' dir='ltr'><strong>Primus</strong></span> <span class='ocrx_word' id='word_1_33' title='bbox 334 1093 450 1152; x_wconf 85' lang='lat' dir='ltr'><strong>effectus</strong></span> <span class='ocrx_word' id='word_1_34' title='bbox 471 1102 514 1152; x_wconf 89' lang='lat' dir='ltr'><strong>est</strong></span> <span class='ocrx_word' id='word_1_35' title='bbox 537 1094 637 1152; x_wconf 83' lang='lat' dir='ltr'><strong>Gratia</strong></span> <span class='ocrx_word' id='word_1_36' title='bbox 662 1093 850 1164; x_wconf 85' lang='lat' dir='ltr'><strong>sanctificans,</strong></span> <span class='ocrx_word' id='word_1_37' title='bbox 872 1112 923 1172; x_wconf 88' lang='lat' dir='ltr'><strong>per</strong></span> <span class='ocrx_word' id='word_1_38' title='bbox 940 1113 971 1152; x_wconf 84' lang='lat' dir='ltr'><strong>se</strong></span> 
     </span>
     <span class='ocr_line' id='line_1_8' title="bbox 48 1173 971 1255; baseline 0.001 -22"><span class='ocrx_word' id='word_1_39' title='bbox 48 1173 178 1246; x_wconf 77' lang='lat' dir='ltr'><strong>secunda,</strong></span> <span class='ocrx_word' id='word_1_40' title='bbox 197 1183 227 1233; x_wconf 86' lang='lat' dir='ltr'><strong>et</strong></span> <span class='ocrx_word' id='word_1_41' title='bbox 240 1195 288 1253; x_wconf 91' lang='lat' dir='ltr'><strong>per</strong></span> <span class='ocrx_word' id='word_1_42' title='bbox 301 1175 431 1234; x_wconf 89' lang='lat' dir='ltr'><strong>accidens</strong></span> <span class='ocrx_word' id='word_1_43' title='bbox 444 1177 543 1252; x_wconf 91' lang='lat' dir='ltr'><strong>prima,</strong></span> <span class='ocrx_word' id='word_1_44' title='bbox 558 1178 603 1232; x_wconf 90' lang='lat' dir='ltr'><strong>cui</strong></span> <span class='ocrx_word' id='word_1_45' title='bbox 614 1177 643 1232; x_wconf 92' lang='lat' dir='ltr'><strong>in</strong></span> <span class='ocrx_word' id='word_1_46' title='bbox 657 1177 735 1234; x_wconf 90' lang='lat' dir='ltr'><strong>initio</strong></span> <span class='ocrx_word' id='word_1_47' title='bbox 750 1175 886 1234; x_wconf 77' lang='lat' dir='ltr'><strong>Ecclesiae</strong></span> <span class='ocrx_word' id='word_1_48' title='bbox 898 1195 971 1255; x_wconf 87' lang='lat' dir='ltr'><strong>saepo</strong></span> 
     </span>
     <span class='ocr_line' id='line_1_9' title="bbox 48 1254 797 1335; baseline -0.005 -18"><span class='ocrx_word' id='word_1_49' title='bbox 48 1254 264 1335; x_wconf 77' lang='lat' dir='ltr'><strong>conjungebatur</strong></span> <span class='ocrx_word' id='word_1_50' title='bbox 277 1257 393 1315; x_wconf 89' lang='lat' dir='ltr'><strong>Donum</strong></span> <span class='ocrx_word' id='word_1_51' title='bbox 406 1256 600 1316; x_wconf 89' lang='lat' dir='ltr'><strong>miraculosum</strong></span> <span class='ocrx_word' id='word_1_52' title='bbox 616 1256 797 1332; x_wconf 82' lang='lat' dir='ltr'><strong>hinguarum.</strong></span> 
     </span>
    </p>

    <p class='ocr_par' dir='ltr' id='par_1_6' title="bbox 48 1335 972 1498">
     <span class='ocr_line' id='line_1_10' title="bbox 78 1335 972 1414; baseline 0.001 -19"><span class='ocrx_word' id='word_1_53' title='bbox 78 1335 135 1395; x_wconf 72' lang='lat' dir='ltr'><strong>sm</strong></span> <span class='ocrx_word' id='word_1_54' title='bbox 143 1345 240 1395; x_wconf 86' lang='lat' dir='ltr'><strong>autem</strong></span> <span class='ocrx_word' id='word_1_55' title='bbox 250 1337 397 1414; x_wconf 79' lang='lat' dir='ltr'><strong>idiogratia</strong></span> <span class='ocrx_word' id='word_1_56' title='bbox 409 1335 577 1396; x_wconf 70' lang='lat' dir='ltr'><strong>roboratos</strong></span> <span class='ocrx_word' id='word_1_57' title='bbox 590 1345 618 1394; x_wconf 91' lang='lat' dir='ltr'><strong>ct</strong></span> <span class='ocrx_word' id='word_1_58' title='bbox 631 1335 824 1403; x_wconf 79' lang='lat' dir='ltr'><strong>confortativa,</strong></span> <span class='ocrx_word' id='word_1_59' title='bbox 831 1356 972 1396; x_wconf 84' lang='lat' dir='ltr'><strong>annexam</strong></span> 
     </span>
     <span class='ocr_line' id='line_1_11' title="bbox 48 1415 972 1498; baseline 0.001 -23"><span class='ocrx_word' id='word_1_60' title='bbox 48 1415 151 1477; x_wconf 76' lang='lat' dir='ltr'><strong>habeus</strong></span> <span class='ocrx_word' id='word_1_61' title='bbox 165 1416 367 1476; x_wconf 87' lang='lat' dir='ltr'><strong>abundantiam</strong></span> <span class='ocrx_word' id='word_1_62' title='bbox 380 1417 524 1475; x_wconf 81' lang='lat' dir='ltr'><strong>Virtutum</strong></span> <span class='ocrx_word' id='word_1_63' title='bbox 534 1426 677 1496; x_wconf 86' lang='lat' dir='ltr'><strong>etseptem</strong></span> <span class='ocrx_word' id='word_1_64' title='bbox 688 1418 835 1476; x_wconf 85' lang='lat' dir='ltr'><strong>Donorum</strong></span> <span class='ocrx_word' id='word_1_65' title='bbox 850 1417 972 1498; x_wconf 80' lang='lat' dir='ltr'><strong>Spiritris</strong></span> 
     </span>
    </p>
   </div>
   <div class='ocr_carea' id='block_1_5' title="bbox 48 1497 973 3272">
    <p class='ocr_par' dir='ltr' id='par_1_7' title="bbox 48 1497 972 1962">
     <span class='ocr_line' id='line_1_12' title="bbox 49 1497 972 1578; baseline 0.002 -23"><span class='ocrx_word' id='word_1_66' title='bbox 49 1498 153 1569; x_wconf 85' lang='lat' dir='ltr'><strong>Sancti,</strong></span> <span class='ocrx_word' id='word_1_67' title='bbox 175 1499 211 1556; x_wconf 90' lang='lat' dir='ltr'><strong>de</strong></span> <span class='ocrx_word' id='word_1_68' title='bbox 225 1498 326 1577; x_wconf 84' lang='lat' dir='ltr'><strong>quibus</strong></span> <span class='ocrx_word' id='word_1_69' title='bbox 342 1500 433 1556; x_wconf 81' lang='lat' dir='ltr'><strong>isaias</strong></span> <span class='ocrx_word' id='word_1_70' title='bbox 447 1518 508 1578; x_wconf 86' lang='lat' dir='ltr'><strong>cap.</strong></span> <span class='ocrx_word' id='word_1_71' title='bbox 525 1503 570 1557; x_wconf 85' lang='lat'><strong>11.</strong></span> <span class='ocrx_word' id='word_1_72' title='bbox 585 1518 609 1555; x_wconf 93' lang='lat' dir='ltr'><strong>v.</strong></span> <span class='ocrx_word' id='word_1_73' title='bbox 623 1499 652 1555; x_wconf 83' lang='lat'><strong>2.</strong></span> <span class='ocrx_word' id='word_1_74' title='bbox 668 1507 698 1556; x_wconf 86' lang='lat' dir='ltr'><strong>et</strong></span> <span class='ocrx_word' id='word_1_75' title='bbox 710 1497 738 1554; x_wconf 90' lang='lat'><strong>3.</strong></span> <span class='ocrx_word' id='word_1_76' title='bbox 752 1508 781 1556; x_wconf 91' lang='lat' dir='ltr'><strong>et</strong></span> <span class='ocrx_word' id='word_1_77' title='bbox 793 1498 859 1557; x_wconf 90' lang='lat' dir='ltr'><strong>ideo</strong></span> <span class='ocrx_word' id='word_1_78' title='bbox 872 1503 901 1557; x_wconf 91' lang='lat' dir='ltr'><strong>in</strong></span> <span class='ocrx_word' id='word_1_79' title='bbox 917 1497 972 1557; x_wconf 87' lang='lat' dir='ltr'><strong>hoc</strong></span> 
     </span>
     <span class='ocr_line' id='line_1_13' title="bbox 48 1578 972 1658; baseline 0 -21"><span class='ocrx_word' id='word_1_80' title='bbox 48 1584 231 1639; x_wconf 74' lang='lat' dir='ltr'><strong>Sacramenta</strong></span> <span class='ocrx_word' id='word_1_81' title='bbox 242 1578 316 1638; x_wconf 86' lang='lat' dir='ltr'><strong>&#39;dari</strong></span> <span class='ocrx_word' id='word_1_82' title='bbox 337 1579 450 1638; x_wconf 81' lang='lat' dir='ltr'><strong>dicitur</strong></span> <span class='ocrx_word' id='word_1_83' title='bbox 462 1579 624 1657; x_wconf 79' lang='lat' dir='ltr'><strong>specialiter</strong></span> <span class='ocrx_word' id='word_1_84' title='bbox 637 1579 758 1658; x_wconf 77' lang='lat' dir='ltr'><strong>Spiritus</strong></span> <span class='ocrx_word' id='word_1_85' title='bbox 772 1581 900 1646; x_wconf 82' lang='lat' dir='ltr'><strong>Sanctus,</strong></span> <span class='ocrx_word' id='word_1_86' title='bbox 922 1600 972 1638; x_wconf 90' lang='lat' dir='ltr'><strong>seu</strong></span> 
     </span>
     <span class='ocr_line' id='line_1_14' title="bbox 48 1658 971 1740; baseline 0 -21"><span class='ocrx_word' id='word_1_87' title='bbox 48 1660 137 1737; x_wconf 73' lang='lat' dir='ltr'><strong>patior</strong></span> <span class='ocrx_word' id='word_1_88' title='bbox 149 1659 312 1739; x_wconf 78' lang='lat' dir='ltr'><strong>planitud03</strong></span> <span class='ocrx_word' id='word_1_89' title='bbox 328 1680 384 1718; x_wconf 90' lang='lat' dir='ltr'><strong>nou</strong></span> <span class='ocrx_word' id='word_1_90' title='bbox 399 1662 477 1739; x_wconf 85' lang='lat' dir='ltr'><strong>quasi</strong></span> <span class='ocrx_word' id='word_1_91' title='bbox 489 1659 582 1738; x_wconf 86' lang='lat' dir='ltr'><strong>major</strong></span> <span class='ocrx_word' id='word_1_92' title='bbox 592 1658 650 1719; x_wconf 87' lang='lat' dir='ltr'><strong>dari</strong></span> <span class='ocrx_word' id='word_1_93' title='bbox 663 1680 718 1719; x_wconf 92' lang='lat' dir='ltr'><strong>non</strong></span> <span class='ocrx_word' id='word_1_94' title='bbox 732 1663 829 1739; x_wconf 86' lang='lat' dir='ltr'><strong>possit,</strong></span> <span class='ocrx_word' id='word_1_95' title='bbox 841 1658 891 1719; x_wconf 89' lang='lat' dir='ltr'><strong>sed</strong></span> <span class='ocrx_word' id='word_1_96' title='bbox 903 1662 971 1740; x_wconf 78' lang='lat' dir='ltr'><strong>quia</strong></span> 
     </span>
     <span class='ocr_line' id='line_1_15' title="bbox 48 1739 972 1822; baseline 0.001 -23"><span class='ocrx_word' id='word_1_97' title='bbox 48 1749 85 1801; x_wconf 75' lang='lat' dir='ltr'><strong>st</strong></span> <span class='ocrx_word' id='word_1_98' title='bbox 96 1739 229 1801; x_wconf 87' lang='lat' dir='ltr'><strong>ultimum</strong></span> <span class='ocrx_word' id='word_1_99' title='bbox 244 1742 496 1821; x_wconf 82' lang='lat' dir='ltr'><strong>complementum,</strong></span> <span class='ocrx_word' id='word_1_100' title='bbox 507 1740 648 1799; x_wconf 88' lang='lat' dir='ltr'><strong>hominem</strong></span> <span class='ocrx_word' id='word_1_101' title='bbox 659 1742 751 1800; x_wconf 88' lang='lat' dir='ltr'><strong>taliter</strong></span> <span class='ocrx_word' id='word_1_102' title='bbox 764 1745 792 1799; x_wconf 93' lang='lat' dir='ltr'><strong>in</strong></span> <span class='ocrx_word' id='word_1_103' title='bbox 806 1742 972 1822; x_wconf 83' lang='lat' dir='ltr'><strong>gratia&#39;per-</strong></span> 
     </span>
     <span class='ocr_line' id='line_1_16' title="bbox 48 1818 971 1902; baseline 0 -22"><span class='ocrx_word' id='word_1_104' title='bbox 48 1818 147 1889; x_wconf 74' lang='lat' dir='ltr'><strong>iniens,</strong></span> <span class='ocrx_word' id='word_1_105' title='bbox 165 1828 202 1880; x_wconf 84' lang='lat' dir='ltr'><strong>&#39;ut</strong></span> <span class='ocrx_word' id='word_1_106' title='bbox 214 1821 249 1880; x_wconf 88' lang='lat' dir='ltr'><strong>ab</strong></span> <span class='ocrx_word' id='word_1_107' title='bbox 263 1822 312 1881; x_wconf 86' lang='lat' dir='ltr'><strong>iila</strong></span> <span class='ocrx_word' id='word_1_108' title='bbox 324 1824 417 1881; x_wconf 85' lang='lat' dir='ltr'><strong>vocari</strong></span> <span class='ocrx_word' id='word_1_109' title='bbox 430 1823 527 1902; x_wconf 87' lang='lat' dir='ltr'><strong>possit,</strong></span> <span class='ocrx_word' id='word_1_110' title='bbox 549 1831 579 1880; x_wconf 88' lang='lat' dir='ltr'><strong>et</strong></span> <span class='ocrx_word' id='word_1_111' title='bbox 599 1820 770 1881; x_wconf 87' lang='lat' dir='ltr'><strong>sufficientur</strong></span> <span class='ocrx_word' id='word_1_112' title='bbox 786 1824 822 1882; x_wconf 90' lang='lat' dir='ltr'><strong>sit</strong></span> <span class='ocrx_word' id='word_1_113' title='bbox 834 1820 971 1902; x_wconf 72' lang='lat' dir='ltr'><strong>perfectus</strong></span> 
     </span>
     <span class='ocr_line' id='line_1_17' title="bbox 48 1902 233 1962; baseline 0.011 -3"><span class='ocrx_word' id='word_1_114' title='bbox 48 1902 233 1962; x_wconf 75' lang='lat' dir='ltr'><strong>Christianus.</strong></span> 
     </span>
    </p>

    <p class='ocr_par' dir='ltr' id='par_1_8' title="bbox 79 1981 953 2061">
     <span class='ocr_line' id='line_1_18' title="bbox 79 1981 953 2061; baseline 0 -19"><span class='ocrx_word' id='word_1_115' title='bbox 79 1983 252 2061; x_wconf 81' lang='lat' dir='ltr'><strong>Speciaiiter</strong></span> <span class='ocrx_word' id='word_1_116' title='bbox 265 1989 357 2040; x_wconf 88' lang='lat' dir='ltr'><strong>autem</strong></span> <span class='ocrx_word' id='word_1_117' title='bbox 371 1983 485 2040; x_wconf 86' lang='lat' dir='ltr'><strong>virtutes</strong></span> <span class='ocrx_word' id='word_1_118' title='bbox 499 1991 637 2059; x_wconf 84' lang='lat' dir='ltr'><strong>augentur</strong></span> <span class='ocrx_word' id='word_1_119' title='bbox 649 1982 715 2043; x_wconf 85' lang='lat' dir='ltr'><strong>fidei</strong></span> <span class='ocrx_word' id='word_1_120' title='bbox 730 1992 759 2043; x_wconf 91' lang='lat' dir='ltr'><strong>et</strong></span> <span class='ocrx_word' id='word_1_121' title='bbox 771 1981 953 2042; x_wconf 84' lang='lat' dir='ltr'><strong>fortitudinis.</strong></span> 
     </span>
    </p>

    <p class='ocr_par' dir='ltr' id='par_1_9' title="bbox 48 2062 973 2468">
     <span class='ocr_line' id='line_1_19' title="bbox 79 2062 973 2140; baseline 0.004 -19"><span class='ocrx_word' id='word_1_122' title='bbox 79 2063 125 2123; x_wconf 87' lang='lat'><strong>11.</strong></span> <span class='ocrx_word' id='word_1_123' title='bbox 140 2063 289 2122; x_wconf 79' lang='lat' dir='ltr'><strong>Secundus</strong></span> <span class='ocrx_word' id='word_1_124' title='bbox 302 2063 419 2122; x_wconf 82' lang='lat' dir='ltr'><strong>effectus</strong></span> <span class='ocrx_word' id='word_1_125' title='bbox 432 2072 475 2120; x_wconf 89' lang='lat' dir='ltr'><strong>est</strong></span> <span class='ocrx_word' id='word_1_126' title='bbox 487 2062 702 2122; x_wconf 71' lang='lat' dir='ltr'><strong>sacramentalis</strong></span> <span class='ocrx_word' id='word_1_127' title='bbox 715 2066 816 2140; x_wconf 84' lang='lat' dir='ltr'><strong>gratia,</strong></span> <span class='ocrx_word' id='word_1_128' title='bbox 830 2084 878 2121; x_wconf 87' lang='lat' dir='ltr'><strong>seu</strong></span> <span class='ocrx_word' id='word_1_129' title='bbox 892 2075 973 2124; x_wconf 88' lang='lat' dir='ltr'><strong>actu·</strong></span> 
     </span>
     <span class='ocr_line' id='line_1_20' title="bbox 48 2144 971 2223; baseline 0.002 -20"><span class='ocrx_word' id='word_1_130' title='bbox 48 2147 103 2215; x_wconf 83' lang='lat' dir='ltr'><strong>dis,</strong></span> <span class='ocrx_word' id='word_1_131' title='bbox 125 2165 178 2203; x_wconf 89' lang='lat' dir='ltr'><strong>suo</strong></span> <span class='ocrx_word' id='word_1_132' title='bbox 192 2154 318 2223; x_wconf 81' lang='lat' dir='ltr'><strong>tempore</strong></span> <span class='ocrx_word' id='word_1_133' title='bbox 333 2144 435 2217; x_wconf 85' lang='lat' dir='ltr'><strong>danda,</strong></span> <span class='ocrx_word' id='word_1_134' title='bbox 450 2144 516 2201; x_wconf 87' lang='lat' dir='ltr'><strong>dum</strong></span> <span class='ocrx_word' id='word_1_135' title='bbox 531 2146 636 2204; x_wconf 79' lang='lat' dir='ltr'><strong>scilicet</strong></span> <span class='ocrx_word' id='word_1_136' title='bbox 649 2148 757 2204; x_wconf 85' lang='lat' dir='ltr'><strong>occasio</strong></span> <span class='ocrx_word' id='word_1_137' title='bbox 771 2166 801 2203; x_wconf 91' lang='lat' dir='ltr'><strong>se</strong></span> <span class='ocrx_word' id='word_1_138' title='bbox 815 2144 919 2220; x_wconf 85' lang='lat' dir='ltr'><strong>offeret,</strong></span> <span class='ocrx_word' id='word_1_139' title='bbox 933 2146 971 2205; x_wconf 86' lang='lat' dir='ltr'><strong>ad</strong></span> 
     </span>
     <span class='ocr_line' id='line_1_21' title="bbox 48 2224 970 2305; baseline -0.003 -18"><span class='ocrx_word' id='word_1_140' title='bbox 48 2224 130 2287; x_wconf 70' lang='lat' dir='ltr'><strong>idem</strong></span> <span class='ocrx_word' id='word_1_141' title='bbox 141 2225 236 2296; x_wconf 89' lang='lat' dir='ltr'><strong>corde,</strong></span> <span class='ocrx_word' id='word_1_142' title='bbox 247 2245 294 2285; x_wconf 83' lang='lat' dir='ltr'><strong>ora</strong></span> <span class='ocrx_word' id='word_1_143' title='bbox 307 2234 336 2284; x_wconf 92' lang='lat' dir='ltr'><strong>et</strong></span> <span class='ocrx_word' id='word_1_144' title='bbox 349 2244 433 2303; x_wconf 88' lang='lat' dir='ltr'><strong>opere</strong></span> <span class='ocrx_word' id='word_1_145' title='bbox 446 2225 559 2283; x_wconf 72' lang='lat' dir='ltr'><strong>strenue</strong></span> <span class='ocrx_word' id='word_1_146' title='bbox 570 2235 598 2284; x_wconf 89' lang='lat' dir='ltr'><strong>et</strong></span> <span class='ocrx_word' id='word_1_147' title='bbox 607 2228 766 2285; x_wconf 84' lang='lat' dir='ltr'><strong>constanter</strong></span> <span class='ocrx_word' id='word_1_148' title='bbox 775 2224 970 2305; x_wconf 88' lang='lat' dir='ltr'><strong>profitendam,</strong></span> 
     </span>
     <span class='ocr_line' id='line_1_22' title="bbox 48 2305 973 2387; baseline 0.001 -22"><span class='ocrx_word' id='word_1_149' title='bbox 48 2307 79 2365; x_wconf 79' lang='lat' dir='ltr'><strong>nd</strong></span> <span class='ocrx_word' id='word_1_150' title='bbox 93 2306 246 2366; x_wconf 78' lang='lat' dir='ltr'><strong>vincendas</strong></span> <span class='ocrx_word' id='word_1_151' title='bbox 260 2316 356 2366; x_wconf 88' lang='lat' dir='ltr'><strong>contra</strong></span> <span class='ocrx_word' id='word_1_152' title='bbox 368 2305 451 2363; x_wconf 90' lang='lat' dir='ltr'><strong>fidem</strong></span> <span class='ocrx_word' id='word_1_153' title='bbox 466 2308 644 2378; x_wconf 80' lang='lat' dir='ltr'><strong>tentationes,</strong></span> <span class='ocrx_word' id='word_1_154' title='bbox 666 2327 700 2365; x_wconf 85' lang='lat' dir='ltr'><strong>ac</strong></span> <span class='ocrx_word' id='word_1_155' title='bbox 715 2307 827 2366; x_wconf 86' lang='lat' dir='ltr'><strong>adversa</strong></span> <span class='ocrx_word' id='word_1_156' title='bbox 839 2307 973 2387; x_wconf 76' lang='lat' dir='ltr'><strong>quelibet</strong></span> 
     </span>
     <span class='ocr_line' id='line_1_23' title="bbox 48 2386 483 2468; baseline -0.005 -20"><span class='ocrx_word' id='word_1_157' title='bbox 48 2408 94 2468; x_wconf 89' lang='lat' dir='ltr'><strong>pro</strong></span> <span class='ocrx_word' id='word_1_158' title='bbox 105 2387 167 2446; x_wconf 81' lang='lat' dir='ltr'><strong>tide</strong></span> <span class='ocrx_word' id='word_1_159' title='bbox 179 2389 316 2467; x_wconf 81' lang='lat' dir='ltr'><strong>patienter</strong></span> <span class='ocrx_word' id='word_1_160' title='bbox 329 2386 483 2446; x_wconf 87' lang='lat' dir='ltr'><strong>toleranda.</strong></span> 
     </span>
    </p>

    <p class='ocr_par' dir='ltr' id='par_1_10' title="bbox 48 2467 971 2706">
     <span class='ocr_line' id='line_1_24' title="bbox 84 2467 971 2547; baseline 0 -19"><span class='ocrx_word' id='word_1_161' title='bbox 84 2468 144 2528; x_wconf 82' lang='lat'>111.</span> <span class='ocrx_word' id='word_1_162' title='bbox 158 2469 274 2527; x_wconf 87' lang='lat' dir='ltr'><strong>Tertius</strong></span> <span class='ocrx_word' id='word_1_163' title='bbox 287 2467 403 2526; x_wconf 85' lang='lat' dir='ltr'><strong>effectus</strong></span> <span class='ocrx_word' id='word_1_164' title='bbox 416 2478 458 2526; x_wconf 88' lang='lat' dir='ltr'><strong>est</strong></span> <span class='ocrx_word' id='word_1_165' title='bbox 472 2467 623 2536; x_wconf 83' lang='lat' dir='ltr'><strong>character,</strong></span> <span class='ocrx_word' id='word_1_166' title='bbox 639 2468 748 2527; x_wconf 85' lang='lat' dir='ltr'><strong>ratinn&#39;c</strong></span> <span class='ocrx_word' id='word_1_167' title='bbox 762 2468 839 2547; x_wconf 87' lang='lat' dir='ltr'><strong>cujus</strong></span> <span class='ocrx_word' id='word_1_168' title='bbox 850 2467 906 2527; x_wconf 89' lang='lat' dir='ltr'><strong>hoc</strong></span> <span class='ocrx_word' id='word_1_169' title='bbox 919 2471 971 2528; x_wconf 81' lang='lat' dir='ltr'><strong>Sa·</strong></span> 
     </span>
     <span class='ocr_line' id='line_1_25' title="bbox 48 2548 971 2611; baseline -0.002 0"><span class='ocrx_word' id='word_1_170' title='bbox 48 2558 217 2611; x_wconf 74' lang='lat' dir='ltr'><strong>crumentum</strong></span> <span class='ocrx_word' id='word_1_171' title='bbox 232 2559 274 2608; x_wconf 90' lang='lat' dir='ltr'><strong>est</strong></span> <span class='ocrx_word' id='word_1_172' title='bbox 286 2549 449 2607; x_wconf 87' lang='lat' dir='ltr'><strong>initerabile.</strong></span> <span class='ocrx_word' id='word_1_173' title='bbox 500 2548 575 2608; x_wconf 86' lang='lat' dir='ltr'><strong>Vide</strong></span> <span class='ocrx_word' id='word_1_174' title='bbox 590 2550 620 2608; x_wconf 91' lang='lat' dir='ltr'>N</span> <span class='ocrx_word' id='word_1_175' title='bbox 623 2569 679 2609; x_wconf 91' lang='lat' dir='ltr'><strong>um.</strong></span> <span class='ocrx_word' id='word_1_176' title='bbox 694 2550 745 2608; x_wconf 77' lang='lat'><strong>26.</strong></span> <span class='ocrx_word' id='word_1_177' title='bbox 759 2554 787 2607; x_wconf 87' lang='lat' dir='ltr'><strong>et</strong></span> <span class='ocrx_word' id='word_1_178' title='bbox 799 2551 849 2611; x_wconf 80' lang='lat'><strong>27.</strong></span> <span class='ocrx_word' id='word_1_179' title='bbox 869 2552 903 2608; x_wconf 82' lang='lat' dir='ltr'><strong>de</strong></span> <span class='ocrx_word' id='word_1_180' title='bbox 919 2549 971 2609; x_wconf 77' lang='lat' dir='ltr'><strong>So·</strong></span> 
     </span>
     <span class='ocr_line' id='line_1_26' title="bbox 48 2634 379 2706; baseline -0.006 -18"><span class='ocrx_word' id='word_1_181' title='bbox 48 2635 205 2689; x_wconf 79' lang='lat' dir='ltr'><strong>oramentis</strong></span> <span class='ocrx_word' id='word_1_182' title='bbox 218 2634 247 2688; x_wconf 83' lang='lat' dir='ltr'><strong>in</strong></span> <span class='ocrx_word' id='word_1_183' title='bbox 260 2649 379 2706; x_wconf 77' lang='lat' dir='ltr'><strong>genere.</strong></span> 
     </span>
    </p>

    <p class='ocr_par' dir='ltr' id='par_1_11' title="bbox 51 2709 972 2952">
     <span class='ocr_line' id='line_1_27' title="bbox 85 2709 971 2790; baseline -0.001 -22"><span class='ocrx_word' id='word_1_184' title='bbox 85 2711 238 2773; x_wconf 80' lang='lat' dir='ltr'><strong>Quomodo</strong></span> <span class='ocrx_word' id='word_1_185' title='bbox 252 2709 455 2790; x_wconf 88' lang='lat' dir='ltr'><strong>procedendum</strong></span> <span class='ocrx_word' id='word_1_186' title='bbox 469 2711 506 2771; x_wconf 86' lang='lat' dir='ltr'><strong>sit</strong></span> <span class='ocrx_word' id='word_1_187' title='bbox 517 2712 545 2769; x_wconf 90' lang='lat' dir='ltr'><strong>in</strong></span> <span class='ocrx_word' id='word_1_188' title='bbox 560 2709 655 2784; x_wconf 85' lang='lat' dir='ltr'><strong>dubio,</strong></span> <span class='ocrx_word' id='word_1_189' title='bbox 676 2732 713 2768; x_wconf 89' lang='lat' dir='ltr'><strong>on</strong></span> <span class='ocrx_word' id='word_1_190' title='bbox 727 2712 788 2787; x_wconf 86' lang='lat' dir='ltr'><strong>quis</strong></span> <span class='ocrx_word' id='word_1_191' title='bbox 802 2710 855 2768; x_wconf 89' lang='lat' dir='ltr'><strong>hoc</strong></span> <span class='ocrx_word' id='word_1_192' title='bbox 870 2711 971 2767; x_wconf 85' lang='lat' dir='ltr'><strong>Sacra·</strong></span> 
     </span>
     <span class='ocr_line' id='line_1_28' title="bbox 51 2790 972 2870; baseline -0.002 -21"><span class='ocrx_word' id='word_1_193' title='bbox 51 2800 174 2851; x_wconf 88' lang='lat' dir='ltr'><strong>mentum</strong></span> <span class='ocrx_word' id='word_1_194' title='bbox 200 2794 361 2870; x_wconf 86' lang='lat' dir='ltr'><strong>susceperit,</strong></span> <span class='ocrx_word' id='word_1_195' title='bbox 389 2791 453 2863; x_wconf 81' lang='lat' dir='ltr'><strong>vide</strong></span> <span class='ocrx_word' id='word_1_196' title='bbox 477 2793 626 2850; x_wconf 77' lang='lat' dir='ltr'><strong>resolutum</strong></span> <span class='ocrx_word' id='word_1_197' title='bbox 647 2795 675 2849; x_wconf 89' lang='lat' dir='ltr'><strong>in</strong></span> <span class='ocrx_word' id='word_1_198' title='bbox 702 2790 972 2865; x_wconf 65' lang='lat' dir='ltr'><strong>Synodo‘Dioeces.</strong></span> 
     </span>
     <span class='ocr_line' id='line_1_29' title="bbox 53 2871 384 2952; baseline 0 -21"><span class='ocrx_word' id='word_1_199' title='bbox 53 2871 160 2931; x_wconf 75' lang='lat' dir='ltr'><strong>Mechl.</strong></span> <span class='ocrx_word' id='word_1_200' title='bbox 176 2893 237 2952; x_wconf 89' lang='lat' dir='ltr'><strong>cap.</strong></span> <span class='ocrx_word' id='word_1_201' title='bbox 255 2874 282 2931; x_wconf 92' lang='grc' dir='ltr'><strong>Ι.</strong></span> <span class='ocrx_word' id='word_1_202' title='bbox 297 2875 339 2930; x_wconf 88' lang='lat' dir='ltr'><strong>tit.</strong></span> <span class='ocrx_word' id='word_1_203' title='bbox 355 2871 384 2931; x_wconf 82' lang='lat'><strong>4.</strong></span> 
     </span>
    </p>

    <p class='ocr_par' dir='ltr' id='par_1_12' title="bbox 55 2949 970 3272">
     <span class='ocr_line' id='line_1_30' title="bbox 87 2949 969 3024; baseline -0.001 -13"><span class='ocrx_word' id='word_1_204' title='bbox 87 2957 133 3011; x_wconf 82' lang='lat' dir='ltr'><strong>An</strong></span> <span class='ocrx_word' id='word_1_205' title='bbox 148 2961 241 3012; x_wconf 84' lang='lat' dir='ltr'><strong>autem</strong></span> <span class='ocrx_word' id='word_1_206' title='bbox 255 2953 310 3012; x_wconf 92' lang='lat' dir='ltr'><strong>hoc</strong></span> <span class='ocrx_word' id='word_1_207' title='bbox 323 2953 538 3011; x_wconf 85' lang='lat' dir='ltr'><strong>Sacramentum</strong></span> <span class='ocrx_word' id='word_1_208' title='bbox 551 2952 652 3024; x_wconf 74' lang='lat' dir='ltr'><strong>valide,</strong></span> <span class='ocrx_word' id='word_1_209' title='bbox 666 2949 897 3010; x_wconf 73' lang='lat' dir='ltr'><strong>sediniructuose&#39;</strong></span> <span class='ocrx_word' id='word_1_210' title='bbox 910 2972 969 3010; x_wconf 83' lang='lat' dir='ltr'><strong>sus-</strong></span> 
     </span>
     <span class='ocr_line' id='line_1_31' title="bbox 55 3033 970 3113; baseline 0 -22"><span class='ocrx_word' id='word_1_211' title='bbox 55 3044 161 3113; x_wconf 85' lang='lat' dir='ltr'><strong>ceptum</strong></span> <span class='ocrx_word' id='word_1_212' title='bbox 184 3037 269 3112; x_wconf 90' lang='lat' dir='ltr'><strong>possit</strong></span> <span class='ocrx_word' id='word_1_213' title='bbox 288 3036 455 3105; x_wconf 83' lang='lat' dir='ltr'><strong>reviviscere,</strong></span> <span class='ocrx_word' id='word_1_214' title='bbox 473 3043 581 3091; x_wconf 91' lang='lat' dir='ltr'><strong>certum</strong></span> <span class='ocrx_word' id='word_1_215' title='bbox 607 3053 660 3090; x_wconf 91' lang='lat' dir='ltr'><strong>non</strong></span> <span class='ocrx_word' id='word_1_216' title='bbox 674 3040 732 3101; x_wconf 69' lang='grc' dir='ltr'><strong>θεῖς</strong></span> <span class='ocrx_word' id='word_1_217' title='bbox 756 3033 847 3110; x_wconf 88' lang='lat' dir='ltr'><strong>piures</strong></span> <span class='ocrx_word' id='word_1_218' title='bbox 859 3034 970 3091; x_wconf 85' lang='lat' dir='ltr'><strong>interim</strong></span> 
     </span>
     <span class='ocr_line' id='line_1_32' title="bbox 56 3110 970 3192; baseline -0.003 -19"><span class='ocrx_word' id='word_1_219' title='bbox 56 3122 155 3191; x_wconf 81' lang='lat' dir='ltr'><strong>partam</strong></span> <span class='ocrx_word' id='word_1_220' title='bbox 169 3114 365 3192; x_wconf 82' lang='lat' dir='ltr'><strong>benigniorem,</strong></span> <span class='ocrx_word' id='word_1_221' title='bbox 387 3113 581 3173; x_wconf 86' lang='lat' dir='ltr'><strong>affirmativam</strong></span> <span class='ocrx_word' id='word_1_222' title='bbox 595 3112 708 3184; x_wconf 85' lang='lat' dir='ltr'><strong>scilicet,</strong></span> <span class='ocrx_word' id='word_1_223' title='bbox 722 3122 854 3192; x_wconf 83' lang='lat' dir='ltr'><strong>tanquam</strong></span> <span class='ocrx_word' id='word_1_224' title='bbox 869 3110 970 3192; x_wconf 85' lang='lat' dir='ltr'><strong>proba·</strong></span> 
     </span>
     <span class='ocr_line' id='line_1_33' title="bbox 57 3194 969 3272; baseline 0 -20"><span class='ocrx_word' id='word_1_225' title='bbox 57 3194 174 3260; x_wconf 78' lang='lat' dir='ltr'><strong>iiiiorem</strong></span> <span class='ocrx_word' id='word_1_226' title='bbox 189 3195 351 3257; x_wconf 84' lang='lat' dir='ltr'><strong>defenduut.</strong></span> <span class='ocrx_word' id='word_1_227' title='bbox 373 3195 450 3255; x_wconf 85' lang='lat' dir='ltr'><strong>Vide</strong></span> <span class='ocrx_word' id='word_1_228' title='bbox 465 3197 503 3252; x_wconf 88' lang='lat' dir='ltr'><strong>N.</strong></span> <span class='ocrx_word' id='word_1_229' title='bbox 525 3195 574 3254; x_wconf 88' lang='grc'><strong>30.</strong></span> <span class='ocrx_word' id='word_1_230' title='bbox 597 3198 631 3254; x_wconf 82' lang='lat' dir='ltr'><strong>de</strong></span> <span class='ocrx_word' id='word_1_231' title='bbox 646 3195 841 3254; x_wconf 58' lang='lat' dir='ltr'><strong>§curamentis</strong></span> <span class='ocrx_word' id='word_1_232' title='bbox 853 3198 883 3254; x_wconf 79' lang='lat' dir='ltr'><strong>in</strong></span> <span class='ocrx_word' id='word_1_233' title='bbox 898 3214 969 3272; x_wconf 83' lang='lat' dir='ltr'><strong>geu,</strong></span> 
     </span>
    </p>
   </div>
   <div class='ocr_carea' id='block_1_6' title="bbox 0 0 1075 3990">
    <p class='ocr_par' dir='ltr' id='par_1_13' title="bbox 0 0 1075 3990">
     <span class='ocr_line' id='line_1_34' title="bbox 0 0 1075 3990; baseline 0 0"><span class='ocrx_word' id='word_1_234' title='bbox 0 0 1075 3990; x_wconf 95' lang='lat' dir='ltr'><strong> </strong></span> 
     </span>
    </p>
   </div>
  </div>
 </body>
</html>
