2130 3990
280 246 319 289 oa
343 242 542 290 aaarrzasnrs
562 234 733 290 anoarrtts.
907 216 973 290 '‘2‘2l

48 410 89 448 nar
106 388 245 451 Ecclesiae
263 392 377 460 Filium,
400 384 515 473 qualern
537 414 581 450 rne
596 416 654 452 esse
672 403 703 452 et
724 393 809 454 fuisse
832 396 976 469 haetenus,

48 471 172 530 futurum
185 477 212 532 in
227 485 365 554 posteram
380 478 477 534 sancte
491 474 652 554 profiteor.”

86 553 271 634 Praeeeptum
295 568 337 615 est
360 562 471 635 insuper
485 557 657 615 l'lorontiniu
672 557 763 633 (quod
778 564 806 614 et
818 566 974 635 opportuno

48 634 111 693 loeo
122 636 266 715 praestitit)
292 648 324 695 nt
345 637 508 717 explicaret,
530 658 559 694 se
581 638 615 695 de
629 640 663 696 iis
677 639 752 716 loqui
767 637 905 710 abortivis,
927 643 976 717 qui

48 720 163 776 omnino
176 718 322 778 sensibiles
340 730 440 785 essent,
462 740 496 777 ac
511 721 601 795 prima
615 720 714 778 saltem
729 720 840 776 liumani
857 722 976 799 corporis

53 799 220 856 ineementa
232 820 288 879 prae
301 820 330 858 se
341 799 452 858 ferrent.
494 804 534 862 ida
550 803 643 858 cautio
656 810 721 860 tuna
734 803 865 878 temporis
879 822 975 859 neces·

48 880 118 936 ,aeria
131 880 283 952 videbatur,
305 882 373 960 quia
385 883 507 940 orarium
521 882 656 939 muliebre
666 881 793 939 nondum
807 881 977 940 detexerant

48 957 220 1020 dnatomici.

85 1043 163 1112 Quae
175 1045 379 1122 sapientissime
391 1051 544 1102 statuerant
560 1045 655 1102 l'atrea
670 1047 820 1123 purpurati,
835 1065 869 1102 ea
883 1048 978 1103 onnrirt

48 1121 170 1182 fideliter
183 1133 320 1182 executus
334 1134 377 1183 est
393 1125 417 1183 F
417 1125 591 1198 larentinius,
604 1127 779 1203 opuseulum
796 1127 887 1183 denuo
903 1130 977 1205 typis

48 1203 197 1282 evulgans:
219 1216 249 1264 et
270 1205 352 1265 simul
367 1210 463 1286 primae
483 1207 667 1284 disputationi
688 1220 740 1264 tres
754 1207 823 1264 alias
838 1206 976 1283 adjunxit,

48 1287 74 1340 in
90 1287 299 1363 quibusitemm
314 1299 402 1365 urget,
423 1288 577 1369 amplificat
590 1298 617 1346 et
631 1286 755 1345 defendit
768 1308 827 1344 ariae
843 1289 979 1365 opinionis

48 1376 200 1425 rnamenta.
471 1376 474 1381 '
726 1398 729 1403 ⁴

86 1448 140 1508 Ex
154 1449 284 1507 omnibus
298 1444 478 1529 argumentis,
499 1470 560 1527 quae
583 1458 675 1507 eontra
690 1451 766 1508 liano
788 1453 892 1528 opponi
915 1471 977 1528 pos-

48 1539 116 1601 eant,
137 1530 257 1589 validius
270 1541 329 1589 erat
343 1533 361 1588 rt
375 1533 482 1589 Ritueli
500 1534 626 1589 ltonrano
640 1530 859 1609 depromendum
874 1550 879 1584 :
900 1533 974 1587 ineo

48 1612 122 1668 enirn
140 1611 218 1671 nulla
230 1615 350 1671 occurrit
363 1615 466 1670 mentio
482 1613 618 1691 Baptismi
631 1612 759 1671 abortivis
774 1625 830 1669 tam
856 1613 977 1669 minimis

48 1689 219 1750 conferendi.
581 1705 583 1709 ’

90 1774 165 1830 Rern
178 1777 219 1832 sic
233 1774 355 1854 expedit·
365 1772 561 1834 Florentinius.
617 1775 729 1833 llituale
744 1775 904 1832 Romanurn
920 1793 976 1831 non

49 1851 168 1930 deneget
181 1855 342 1934 hujusmodi
356 1855 475 1934 parvulis
491 1857 672 1935 Baptismum,
695 1858 752 1914 imd
768 1854 864 1934 aperte
879 1857 976 1933 preci-

49 1937 96 2011 pit,
120 1946 153 1994 ut
166 1936 327 1995 conferetur
340 1936 455 1995 foetibus
467 1940 543 2003 vivis,
573 1936 758 2015 Philosophiae
772 1956 805 1993 aa
822 1936 975 1994 Medicinae

49 2014 261 2075 discernendum
275 2017 440 2096 relinquens,
463 2022 578 2097 quinam
592 2039 689 2076 eorum
704 2021 835 2090 viventes,
853 2020 900 2096 qui
914 2036 975 2074 vero

49 2115 113 2168 non,
134 2099 193 2156 sint
206 2098 363 2177 reputandi.
719 2166 723 2171 Ι

86 2179 197 2237 Postea
206 2188 397 2258 argumentum
409 2178 602 2258 retorquendo,
617 2179 760 2258 subjungit
772 2178 979 2246 Florentiniuass

48 2257 165 2318 Ritnula
181 2260 343 2319 Romanurn
354 2261 445 2339 jubet,
467 2271 507 2333 ut,
527 2265 551 2319 si
566 2261 678 2339 quando
692 2264 847 2337 contingat,
859 2273 976 2318 matrem
1044 2318 1048 2325 ,

48 2350 236 2419 praegnantem
252 2345 331 2414 mori,
351 2345 413 2400 vivo
431 2342 502 2400 foetu
516 2345 591 2399 intra
607 2345 712 2400 viscera
725 2349 895 2409 remanente,
916 2345 977 2420 ipse

48 2429 193 2482 extractus
215 2423 387 2503 baptizetur:
410 2445 463 2481 neo
485 2433 581 2481 tamen
601 2426 740 2500 restringit
755 2423 920 2480 Ministrum
941 2421 977 2479 erl

48 2503 252 2582 baptizandum
276 2514 338 2584 post
361 2507 476 2583 triginta
499 2505 557 2562 dies
578 2510 695 2561 tanturn.
753 2505 861 2562 ldoirco
876 2510 975 2560 nostrae

48 2588 172 2662 opinioni
187 2585 263 2645 favet
276 2586 342 2644 ordo
357 2587 501 2653 Ecclesia,
517 2586 777 2663 quatenusrnortmi
792 2594 879 2642 matre
891 2605 976 2663 preg-

48 2676 145 2739 nante,
155 2668 244 2747 etque
253 2669 339 2739 secti,
348 2671 442 2726 statuit
451 2667 513 2725 sine
524 2666 580 2724 ulla
590 2668 723 2745 temporis
735 2665 976 2736 determinatione,

48 2757 77 2804 ut
90 2747 249 2824 baptizatur
263 2747 356 2818 foeuu,
371 2754 392 2806 si
402 2751 439 2806 sit
449 2751 540 2818 vivus;
557 2747 631 2824 quod
645 2748 770 2826 prudenti
783 2747 975 2804 Ministrorurn

48 2828 153 2904 judicio
168 2831 307 2908 relinquit.

89 2910 233 2968 Ponamus
247 2915 339 2988 igitur,
358 2909 437 2968 addit
449 2912 519 2988 ipsa,
540 2917 656 2968 matrem
673 2917 810 2968 mortuam
825 2917 933 2985 gestare
947 2910 976 2965 in

48 3001 128 3048 utero
151 2990 261 3061 fretum,
289 3011 313 3047 v.
328 3012 355 3068 g.
370 2999 477 3069 septem
492 2992 618 3049 dierum:
639 3012 676 3049 ex
692 2991 745 3048 hoc
764 2992 894 3047 ltleelesiae
907 2989 976 3045 Ritu

48 3071 134 3130 foetus
148 3076 200 3130 iste
214 3075 308 3132 statim
323 3073 358 3130 ab
373 3081 449 3129 utero
460 3072 648 3130 extrahendus
662 3083 713 3144 ast,
736 3080 765 3128 ot
781 3069 976 3147 baptizandus,

48 3157 70 3210 si
84 3157 119 3212 sit
133 3156 218 3212 vivus.
262 3154 320 3210 Sed
336 3159 399 3210 crlrn
414 3161 446 3210 ut
458 3173 540 3232 supra
556 3163 682 3212 notatum
699 3161 746 3217 est,
761 3151 890 3229 prudenti
900 3150 977 3229 judi·

49 3238 90 3292 uio
104 3235 312 3293 existimandus
327 3245 368 3291 est
381 3236 463 3302 vivus,
486 3236 538 3292 nisi
553 3254 589 3291 ex
604 3254 692 3291 eausa
705 3233 821 3310 alicujus
836 3251 974 3311 compres-

48 3318 132 3374 sionis
155 3318 196 3375 vel
218 3317 389 3374 contusionis
413 3315 554 3374 evidenter
574 3325 707 3393 appareat
729 3325 872 3384 mortuus·;
891 3312 979 3391 juxta

53 3397 187 3455 Ecclesiae
201 3398 296 3455 Ritum
306 3396 390 3454 foetus
399 3405 504 3476 septem
516 3396 624 3454 dierum
635 3396 746 3468 illaesus,
760 3395 826 3452 liciat
836 3397 977 3467 immotus,

50 3479 234 3557 baptizandus
247 3490 300 3536 est.

89 3560 268 3618 Desiderium
282 3563 315 3617 iis
329 3557 475 3617 infantulis
489 3557 647 3637 opitulandi
662 3558 807 3616 novissime
820 3561 916 3630 suasit,
926 3560 976 3613 im-

49 3641 176 3722 pulitque
189 3640 302 3701 doctum
317 3640 395 3718 aequri
410 3662 443 3698 ae
456 3639 534 3718 pium
549 3643 636 3697 virum
659 3639 839 3698 Franciaeum
861 3640 976 3696 Emma-
