2130 3990
98 141 161 201 ³68
474 154 655 205 nnncnnrnn

141 304 184 363 3⁰·
208 304 367 384 specialius
382 305 574 366 concurrendo
588 306 625 366 ad
639 305 829 377 Sacrificium,
850 307 964 384 siveper
975 308 1024 367 rut

100 387 334 445 ministrationem
353 391 571 448 necessariorum
583 388 619 448 ad
634 388 823 457 Sacrificium,
851 385 909 445 sive
921 390 1026 448 inservi·

103 466 176 525 endo
188 468 366 542 sacrificanti,
392 472 449 528 sive
462 488 513 549 per
535 469 767 547 postulationem,
794 477 825 527 at
836 469 979 547 praecipne
990 488 1027 547 per

99 548 284 625 stipendium:
304 549 340 608 de
353 550 455 629 quibus
481 550 585 610 utiliter
597 550 718 630 populus
729 558 869 609 monetur
888 558 920 607 et
933 552 1028 610 insnu-

102 637 155 688 tur.

227 793 267 852 N.
281 794 311 852 o.
327 793 386 853 DE
403 793 508 853 FINE
523 792 757 854 SACRIFICll
774 787 933 851 MISSAE.

104 1003 128 1060 l.
151 1002 339 1074 Sacrificium
353 1013 396 1066 eat
412 1007 628 1074 Latreutr'cum,
646 1005 689 1065 Il.
707 1002 969 1074 Eucharisticum,
983 1001 1031 1061 lll

144 1085 405 1163 Propitiatorium,
430 1088 485 1147 IV.
498 1088 542 1148 Et
555 1091 801 1166 impetratorr'um.

144 1287 358 1349 Sscnrmcrmu
373 1290 470 1348 Misera
484 1289 594 1348 ratione
607 1288 671 1348 ilnis
686 1288 872 1366 distinguitur
885 1290 1033 1373 inlatrat·

103 1370 199 1437 ticum,
218 1371 452 1445 Eucharisticnm‚
467 1372 695 1450 propitiatorium
710 1380 738 1429 et
751 1373 991 1449 impetrantium.

150 1472 187 1528 1⁰·
217 1473 269 1530 Est
292 1472 497 1539 Latreuticum,
524 1473 691 1550 inquantum
717 1470 836 1531 offertur
850 1474 882 1532 in
911 1472 1032 1535 bonorem
1057 1534 1059 1539 ,

107 1552 163 1611 Dei
187 1560 217 1609 et
230 1554 400 1631 agnitionem
416 1554 540 1632 supremi
564 1553 625 1632 ejus
639 1553 754 1613 dominii
767 1570 802 1612 ac
825 1554 970 1613 servitutis
981 1576 1033 1615 nes·

105 1642 164 1706 tra,
179 1637 254 1711 qnod
275 1633 448 1712 significatur
461 1636 488 1694 in
505 1635 608 1700 Missa,
624 1634 692 1694 dum
713 1634 833 1693 dicitur:
856 1635 909 1695 Ao
931 1632 1033 1695 lauda

107 1723 136 1771 et
155 1712 283 1790 gloriam
298 1720 430 1775 nominis
441 1719 511 1783 cua'‚·
528 1718 613 1774 item:
646 1714 737 1775 Hanc
750 1717 856 1794 igitur
869 1715 1032 1777 obortam

107 1799 260 1853 seruitutis
273 1802 391 1855 nostrae.

147 1894 189 1953 11.
202 1896 246 1954 2⁰·
270 1895 495 1955 Eucharisticum
509 1902 560 1964 est,
585 1899 753 1976 inquantum
768 1896 926 1958 offerturia
941 1898 1029 1978 gratis·

106 1996 167 2035 rum
183 1979 320 2037 actionem
334 1997 385 2056 pro
398 1977 541 2036 beneficiis
551 1979 682 2056 acceptis,
705 1981 762 2036 siue
776 1978 884 2038 ordinis
897 1978 1028 2039 naturalis.

106 2062 163 2116 sive
174 2057 399 2137 supernaturalis,
414 2066 442 2117 et
454 2062 596 2135 signanter
609 2078 658 2137 pro
672 2056 810 2117 beneficio
827 2060 1028 2141 Redemptionir

107 2147 216 2205 nostrae,
238 2140 314 2218 quod
328 2142 465 2219 expressit
480 2139 609 2198 Christus
624 2139 691 2198 dum
702 2139 795 2199 dixit:
817 2140 1026 2221 Hocsace’teit

108 2240 200 2279 meam
215 2225 512 2280 cornmemorott'ouem
525 2243 537 2286 ,·
562 2229 591 2279 et
605 2221 736 2280 Ecclesia
748 2224 775 2278 in
792 2222 886 2281 Missa
899 2224 1025 2302 exprimit

108 2302 177 2358 dum
187 2303 273 2361 dicit:
298 2304 392 2372 Quom
408 2301 463 2360 obt
480 2300 630 2378 fflere'ueus
645 2306 676 2362 in
691 2307 858 2361 memoriam
873 2301 1026 2375 Passionis,

111 2383 347 2442 Resurreclr'ouis
361 2393 388 2442 et
400 2384 586 2442 Ascensionis
597 2382 719 2442 Domini
728 2386 821 2441 nostri
829 2383 906 2443 Jesu
924 2386 1027 2457 Chresti

109 2465 288 2540 intelligendo
303 2465 339 2523 dc
354 2468 486 2523 memmio
499 2473 588 2541 grata,
614 2466 705 2542 qualis
732 2483 793 2522 esse
812 2466 886 2525 solet
908 2469 1028 2525 memun'a

110 2545 325 2603 beneficiorum:
346 2548 408 2624 ipsa
421 2565 532 2624 quoqne
546 2544 684 2604 beneficia
694 2547 830 2604 recensita
849 2547 1029 2627 intelliguntur
1057 2546 1059 2577 ²

110 2627 313 2685 cumomnibus
324 2625 403 2684 donis
413 2636 441 2683 et
454 2628 557 2704 gratiis,
570 2647 631 2704 quae
645 2626 710 2684 inde
724 2626 881 2705 profluunt¹

152 2730 308 2786 Novatores
332 2728 500 2800 concedunt,
521 2727 696 2786 Sacrificium
709 2738 832 2788 nostrum
851 2728 1030 2811 (sumptoSe

100 2810 205 2866 .crificii
221 2814 332 2870 nomine
343 2811 492 2888 improprie
504 2818 532 2866 et
541 2810 631 2868 latiori
644 2815 741 2882 sensu)
766 2830 827 2869 esse
848 2811 1031 2871 Latreuticnn

109 2898 137 2946 et
166 2890 412 2963 Eucharisticum;
436 2892 501 2970 quia
529 2890 715 2949 Eucharistiae
742 2882 927 2950 manducatio
954 2895 986 2952 fit
1002 2892 1032 2951 ul

110 2971 216 3028 cultum
234 2973 289 3030 Dei
305 2982 334 3030 et
361 2971 387 3028 in
412 2976 560 3048 gratiarum
575 2975 714 3029 actionem
731 2992 778 3050 pro
792 2974 926 3051 singulari
943 2975 1031 3033 Domi·

110 3052 180 3108 nicae
203 3054 340 3111 Passionis
355 3053 514 3111 Beneficio:
535 3052 584 3110 sed
596 3060 707 3130 negant,
722 3052 792 3110 illud
806 3074 867 3112 esse
880 3056 1031 3135 propitiato

109 3133 181 3190 rium
195 3144 224 3190 et
237 3137 469 3212 impetratorium‚
483 3154 520 3191 ne
533 3137 590 3192 veri
601 3133 884 3194 Sacrificiirationem
894 3155 1032 3215 agnoscere

108 3225 250 3291 cogantur.

152 3316 208 3374 Ill.
223 3317 268 3374 3⁰·
288 3318 462 3378 Sacrificium
476 3315 572 3377 Missae
593 3326 635 3376 est
661 3318 880 3398 propitiatorium
894 3341 901 3378 :
916 3321 985 3400 quia
996 3339 1032 3378 se·

111 3397 234 3456 cundum
250 3401 348 3478 Apost.
365 3401 400 3458 ad
412 3399 505 3457 Hebr.
522 3420 547 3458 c.
560 3401 589 3457 5.
604 3402 772 3478 praecipuum
788 3420 891 3459 munus
904 3399 1031 3460 Sacerdo-

110 3489 170 3536 tum
185 3489 227 3536 est
240 3480 338 3540 offerre
349 3483 492 3541 Sacrificio
506 3482 708 3559 propeccatis:
730 3482 809 3560 atqui
824 3481 957 3541 Ecclesia
967 3484 1032 3541 certi

111 3559 197 3618 habet
210 3581 276 3619 suros
289 3563 471 3622 Sacerdotes:
493 3581 559 3640 ergo
582 3561 614 3620 ni
629 3561 665 3620 ad
678 3563 825 3621 Sacrificio
848 3582 900 3644 pro
918 3562 1032 3645 peccatis

110 3640 251 3702 offerenda
265 3645 404 3706 constituti
413 3651 494 3705 sunt:
511 3642 574 3723 jam
593 3648 660 3703 vero
673 3643 848 3706 Sacrificium
868 3664 917 3727 pro
942 3662 1031 3726 pecca·
