2130 3990
60 165 121 227 150
443 178 631 237 ammanus,

62 325 190 395 iordane
215 324 244 383 4.
269 322 344 404 Reg.
366 346 428 406 cap.
454 331 483 387 5.
504 323 561 385 dcc.
610 325 769 405 Praecipuae
783 333 879 387 tamen
894 324 982 407 ligura

62 408 177 469 inerunt
191 405 371 469 circumcisio
385 415 414 469 et
435 406 594 488 Baptismus
607 407 747 466 Joannis:
773 406 982 469 luculentissimi

63 497 163 548 autem
198 486 258 567 ejus
281 486 461 548 adumbratio
481 490 598 567 contigit
614 489 643 547 in
668 484 861 566 baptizatione
886 488 982 549 cama

65 567 176 629 Matth.
191 587 252 650 cap.
267 566 296 629 3.
310 589 337 628 v.
355 572 400 629 16.
415 578 444 631 et
459 568 505 642 17,
522 568 634 649 quando
644 576 675 627 et
686 566 872 633 semimiliter
884 567 941 631 init
951 570 982 629 in

63 653 205 710 stitutum.

66 831 108 893 N.
122 830 153 892 2.
181 831 242 893 Dli
270 830 566 893 DEFINITIOND
594 831 649 891 ΕΤ
671 828 982 895 INSTITUTIONd

266 912 552 973 SACRAMENTI
577 911 792 973 BAPTlSMl.

269 1091 299 1152 S.
311 1092 410 1155 Thom.
425 1101 527 1174 queat.
543 1093 590 1153 66.
605 1103 661 1157 crt.
678 1094 707 1155 1.
721 1101 750 1155 et
761 1092 793 1154 2.

69 1281 95 1340 1.
109 1276 203 1340 Vneris
216 1280 413 1358 definitiones.
434 1282 476 1343 II.
487 1250 740 1364 lnstr'tctiosoota
748 1286 982 1425 antepassiones.

110 1362 167 1422 111.
183 1360 261 1420 Dum
279 1363 812 1444 cnrnruseJoanneoapn'eatusesr.
841 1363 878 1425 V.
897 1364 982 1441 cna

110 1449 222 1523 tusper
234 1449 426 1524 semetipsum
441 1443 613 1523 baptizavit.

114 1627 203 1698 Quin
217 1632 259 1687 est
270 1626 482 1689 Sacramentum
497 1627 659 1707 Baptismii

112 1709 138 1767 1.
164 1708 201 1771 R.
227 1707 265 1769 Α.
280 1710 313 1769 S.
328 1708 435 1771 Thom.
450 1718 503 1768 art.
521 1709 546 1768 l.
561 1711 590 1768 in
608 1708 693 1788 Coepi.
708 1706 858 1769 definitur:
879 1704 982 1773 Attiou·

75 1794 208 1867 corporis
221 1788 456 1870 entersor,sccta
467 1789 521 1851 sub
549 1809 631 1871 ormo
640 1792 815 1869 prescripta
833 1789 977 1865 cadursa

75 1873 93 1928 a
115 1870 296 1933 catechismo
328 1869 481 1932 Romano:
543 1877 742 1951 aeramentum
767 1872 982 1951 regenerationi

70 1971 129 2033 per
141 1971 245 2028 nquam
261 1954 293 2011 iu
308 1950 404 2011 cerdo.

115 2032 278 2111 Vulgariter
304 2041 399 2093 autem
422 2032 569 2094 delinitur:
604 2032 818 2093 Sacramentum
844 2035 864 2093 a
892 2031 982 2093 Christ

75 2114 201 2175 Domino
212 2116 380 2182 institutum,
402 2115 430 2173 in
446 2135 501 2195 quo
516 2135 563 2194 per
575 2112 748 2175 ablutionem
762 2116 932 2175 exteriorem
945 2134 982 2175 cor

74 2199 147 2275 poris
160 2195 211 2255 sub
225 2197 399 2255 invocatione
412 2196 605 2256 Sanctissimae
620 2196 767 2256 Trinitatis
779 2196 865 2256 horno
879 2196 982 2276 spirius

72 2278 136 2337 liter
149 2284 335 2356 regeneratur.

118 2356 306 2427 Quandonam
321 2357 537 2419 Sacramentum
551 2358 691 2439 Baptismi
705 2365 747 2417 est
759 2356 945 2432 institutum?

118 2437 159 2495 ll.
180 2436 216 2497 R.
240 2438 315 2497 Ciam
329 2437 459 2498 Christus
472 2448 539 2498 ante
553 2458 634 2497 suam
651 2438 814 2499 Passionem
823 2439 982 2519 baptizarer

80 2519 178 2576 saltem
193 2539 241 2597 per
255 2537 320 2578 suos
336 2520 506 2599 Discipulos,
514 2520 601 2598 juxta
613 2518 683 2578 illud
693 2521 779 2581 Jnan.
796 2534 858 2600 cap'.
873 2519 904 2580 3.
917 2539 943 2579 u.
957 2516 982 2577 2!

80 2599 157 2657 Post
176 2599 232 2659 hec
255 2602 336 2659 uenit
349 2599 440 2660 desua
455 2606 484 2659 et
498 2598 649 2677 Discipuli
667 2602 746 2679 q'ue.
757 2611 801 2662 .et
819 2598 982 2680 baptizabor

80 2680 149 2738 hinc
178 2687 243 2738 curn
272 2699 338 2738 usus
365 2680 538 2743 Sacramenti
558 2693 694 2761 supponat
712 2681 774 2760 ejus
794 2684 982 2759 institutiooer

79 2759 213 2840 sequitur,¹
235 2762 410 2841 Baptismum
430 2772 497 2825 ante
517 2763 683 2823 Passionem
704 2763 808 2824 Christi
827 2762 912 2823 fuisse
931 2763 982 2824 inst

80 2852 184 2902 tutum.

84 2920 194 3062 &Obj.
223 2924 250 2983 1.
276 2924 376 3002 Agitur
402 2924 509 2985 ibidem
536 2924 573 2986 de
601 2923 748 3006 Baptismo
772 2925 916 2985 Joennis:
937 2944 982 3005 arg

113 3024 138 3066 n.
381 3062 384 3067 ,

127 3084 163 3144 R.
179 3085 255 3169 Neg.
269 3088 337 3146 Ant.
352 3089 419 3167 quia
431 3089 471 3147 sic
485 3107 540 3147 non
555 3086 690 3159 Christus,
710 3085 761 3145 sed
779 3086 872 3167 potiris
884 3088 981 3147 ‚loann

85 3165 223 3227 diceretur
244 3187 293 3249 per
315 3168 477 3249 Discipulos
501 3168 652 3248 baptizare.
705 3167 817 3227 Deinde
844 3170 982 3229 contrariu

87 3251 192 3307 emitur
204 3269 242 3309 ex
251 3249 341 3321 Joan.
356 3269 416 3330 cap.
431 3249 462 3307 3.
476 3269 500 3309 v.
514 3249 563 3309 25.
578 3258 608 3315 et
620 3246 671 3308 26³
682 3248 777 3331 Marci
790 3269 853 3329 cap.
870 3247 898 3315 l,
913 3269 942 3324 r.
955 3250 983 3309 8.

128 3327 198 3408 Obj.
227 3331 268 3390 ΙΙ.
291 3328 388 3389 Passio
413 3328 529 3404 Christi,
549 3329 628 3409 cujus
647 3332 745 3390 merita
764 3331 944 3412 applicentur
965 3350 982 3411 p

86 3408 269 3491 Sacramenta
280 3411 406 3471 nondum
417 3420 478 3471 erat
490 3414 595 3506 posita:
617 3431 692 3490 argo,
713 3407 771 3471 doc.

130 3488 167 3550 R.
191 3491 222 3551 N
223 3512 267 3575 eg.
295 3511 405 3573 conseq.
440 3492 518 3570 Quia
531 3491 692 3573 Baptnmus
706 3511 745 3552 ex
758 3495 861 3570 meritis
876 3492 982 3571 Passim

89 3569 194 3631 Christi
215 3574 336 3653 praevisis
353 3572 448 3653 ¹(sicut
469 3568 560 3635 omnis
580 3577 669 3655 gratia
690 3572 758 3634 data
778 3581 821 3633 est
833 3581 900 3649 ante
913 3592 982 3634 nora

87 3648 203 3737 legem).
229 3648 318 3715 traxit
349 3650 428 3715 suam
460 3652 632 3719 efficaciam:
666 3653 768 3715 deinde
797 3653 860 3734 jam
894 3654 982 3734 pluria

87 3743 286 3812 precesserant
299 3734 405 3799 Christi
426 3739 534 3813 merita,
554 3736 682 3818 quamvis
702 3735 856 3817 redemptio
868 3744 982 3797 nostrat
