2130 3990
339 228 570 273 aamcamcro
583 228 692 274 missas
867 202 877 223 '
919 208 980 273 899

50 375 173 436 Missam
197 374 346 447 eelebrent,
366 384 396 433 et
408 375 479 434 insra
491 377 690 435 hebdomadam
704 376 785 435 toties
798 374 918 434 Missam
932 397 984 455 pru

49 458 158 536 populo
170 457 318 534 applicent,
338 457 446 534 quoties
456 459 553 516 diebus
568 458 661 516 Fastis
674 458 891 516 occurrentibus.

92 536 151 598 lx.
174 537 302 615 Derogat
327 538 355 594 io
382 539 479 597 eadem
507 539 710 598 Constitutione
730 538 869 617 responsis
888 537 984 597 Sacra

49 619 295 698 Congregationis,
316 619 415 696 quibus
430 619 572 678 Parocbus
593 620 740 698 pinguibus
761 621 871 678 dotatus
892 619 985 677 rediti-

49 701 106 759 bus
118 701 241 778 quotidie
261 718 314 777 pro
336 702 438 777 populo
461 702 601 760 celebrare
623 712 653 758 et
674 701 811 778 applicare
824 698 985 780 jubebatur,

49 783 104 841 aed
125 782 150 839 si
162 781 285 860 praefatis
306 781 402 840 diebus
426 784 587 861 applicetur,
607 783 660 840 sibi
674 781 844 840 satisfactum
857 782 917 840 fore
936 781 984 841 de·

49 1021 433 1087 N.16.DETEMPORE
441 1022 498 1081 ET
507 1022 622 1082 11000
631 1022 987 1086 CELEBRATIONIS.

255 1189 289 1249 S.
306 1190 407 1251 Tiora.
422 1198 519 1270 quast.
542 1187 590 1248 83.
605 1197 663 1250 art.
677 1188 708 1248 2.
722 1198 749 1249 et
762 1188 790 1250 3.

51 1371 81 1434 l.
98 1370 170 1442 Qua
180 1373 241 1431 diei
250 1370 326 1432 kari
347 1373 389 1431 eit
409 1368 518 1430 licitum
532 1367 682 1430 celebrare.
710 1369 751 1431 II.
771 1369 867 1430 Locus
886 1370 987 1434 Miau

93 1453 308 1512 celebrationis.
349 1453 405 1511 ΙΙΙ.
430 1452 566 1510 Ecclesia
583 1451 730 1531 polluitur
753 1451 912 1512 homicidio
940 1473 985 1513 oo·

95 1533 234 1602 luntario,
258 1532 313 1594 IV.
330 1533 463 1594 Notabili
484 1535 647 1609 sauguinis
674 1528 825 1610 qi'am'aue,
858 1553 921 1613 qua
943 1543 1008 1595 eat·

94 1615 260 1674 mortaliter
286 1616 439 1753 irp‘urioaa,
460 1613 501 1672 V.
520 1613 695 1673 Voluntaria
721 1615 841 1673 seminis
868 1614 990 1675 lamani

95 1693 300 1836 φήσων
344 1694 504 1774 Sepultura
531 1699 704 1753 nominatim
733 1699 986 1755 excommunicati.

131 1776 171 1835 ll.
187 1776 317 1836 Violatio
328 1777 489 1836 caemeterii.
511 1774 598 1835 VIII.
613 1773 918 1835 Oratoriadomestica
929 1796 987 1837 aaa

95 1864 168 1917 aaut
194 1863 315 1936 capacia
340 1858 514 1917 violationis.
558 1855 612 1914 lX.
626 1855 761 1915 Ecclesia
780 1876 837 1917 arm
851 1856 986 1918 dedetra-

96 1938 261 2012 conciliari‚
286 1944 349 1998 arai
361 1958 451 1999 caasa
466 1936 631 1998 violationis
644 1942 686 1997 ait
695 1936 828 2017 publica.

98 2120 125 2182 Ι.
141 2123 310 2192 Quaerunt
334 2124 370 2182 ad
396 2124 492 2181 boram
520 2122 710 2181 celebrationis
733 2122 828 2182 dicunt
854 2121 986 2185 Rubrica

58 2202 185 2263 Missalis
200 2203 337 2263 Romani:
358 2210 378 2239 “
393 2204 484 2262 Missa
497 2205 614 2282 privata,
629 2207 727 2263 saltem
740 2212 802 2280 post
816 2203 988 2263 Matutinum

57 2294 87 2344 ct
100 2284 223 2353 Laudes,
245 2304 417 2363 quacumque
438 2288 506 2343 hora
518 2285 553 2343 ab
567 2306 667 2343 aurora
689 2306 777 2361 usqae
798 2285 834 2342 ad
846 2284 989 2344 meridiam

57 2366 112 2424 dici
135 2367 256 2444 potest.”
299 2366 356 2426 Per
379 2387 506 2425 auroram
528 2367 688 2444 intelligitur
708 2367 778 2424 lucis
796 2367 988 2442 crepusculum

55 2447 134 2525 quod
148 2450 312 2529 quandoque
336 2449 463 2526 longiori,
484 2448 649 2526 quaudoque
674 2448 791 2505 breviori
804 2448 935 2524 temporis
948 2448 989 2507 iu·

56 2528 174 2587 tervallo
188 2537 276 2587 ortum
291 2529 363 2587 Solis
376 2530 524 2606 praecedit:
539 2530 611 2586 uude
621 2548 721 2587 aurora
734 2548 788 2586 non
802 2528 885 2586 debet
896 2528 991 2589 stricto

56 2629 111 2667 seu
123 2611 316 2669 mathematice
329 2614 399 2669 sirmi
452 2609 564 2668 luterim
583 2611 630 2667 lex
655 2610 708 2669 ista
731 2630 786 2667 non
799 2608 900 2680 obstat,
920 2629 988 2687 quo·

60 2688 152 2748 minus
166 2691 194 2749 in
215 2691 313 2770 Belgio
336 2692 409 2750 licite
434 2691 586 2749 celebretur
608 2692 692 2767 longo
714 2699 838 2766 tempore
857 2690 989 2750 antedid

59 2774 270 2848 crepusculum:
291 2781 320 2830 et
342 2773 382 2830 sic
406 2781 529 2850 tempore
552 2772 671 2850 hyemali
690 2773 755 2829 licet
767 2771 803 2827 ab
815 2772 883 2828 bora
895 2771 991 2848 quinta

58 2854 205 2926 matutina,
227 2863 307 2931 prout
320 2854 419 2911 mstivo
433 2853 468 2911 ab
481 2855 549 2911 hora
569 2862 668 2929 quarta
681 2852 820 2910 celebrare
834 2872 842 2921 ;
854 2853 928 2929 ‘quia
950 2852 991 2912 sio

60 2931 167 2993 obtinet
180 2936 317 3014 generalis
331 2937 385 2992 loci
396 2935 566 2992 consuetudo
580 2953 642 2990 cum
656 2934 738 3009 psseoo
750 2933 822 2991 scitu
839 2932 1004 3010 Episcopo*

60 3033 143 3071 rum:
164 3022 192 3075 et
206 3015 399 3073 rationabiliter
412 3016 464 3072 boc
478 3015 662 3088 introductum
676 3023 729 3084 est,
749 3025 780 3071 ut
794 3013 911 3090 operarii
925 3022 992 3074 tanc

59 3096 194 3173 temporis
205 3096 323 3154 Missam
335 3096 469 3166 audirent,
481 3105 627 3172 autequam
638 3095 672 3153 ad
682 3114 780 3171 operas
792 3114 857 3151 suas
868 3095 992 3154 tendant

104 3175 259 3255 Anticipari
270 3187 362 3254 potest
373 3176 479 3234 Missa:
504 3181 543 3234 1⁰·
557 3178 621 3234 dum
633 3176 661 3233 id
675 3176 764 3253 ex'git
776 3195 861 3233 causa
873 3176 993 3251 publica,

59 3265 93 3316 at
104 3257 130 3314 si
143 3260 260 3336 populus
276 3257 521 3337 peregrinationem
533 3257 643 3335 longam
659 3267 701 3314 est
714 3255 886 3315 instituturus
906 3256 995 3333 prim

58 3340 149 3399 mane.
1013 3392 1018 3399 .

102 3419 152 3493 201
163 3418 211 3478 Ad
222 3419 476 3479 communicandum
490 3418 637 3489 infinitum,
658 3419 704 3496 qui
718 3418 786 3476 aliis
807 3417 867 3476 siae
882 3417 1017 3489 viatim

64 3508 229 3578 moreretur,
248 3502 314 3563 licet
324 3502 417 3563 statim
430 3509 493 3580 post
499 3501 623 3639 paediam
633 3508 741 3560 noctem
755 3499 904 3561 celebrare.

533 3596 552 3640 b
