2130 3990
62 167 124 243 246
170 224 174 235 ,
435 185 625 233 ,tenesmon
658 222 666 229 .
694 222 698 229 .

66 330 178 410 quidem
189 329 279 391 velidi
288 328 438 405 ordinatos,
446 332 489 423 rel
499 338 727 399 tonsuretue,nec
735 304 844 391 videtur
852 319 991 427 pioptcrer

65 413 231 490 irregularis,
254 410 330 483 (crim
356 410 432 471 nullo
452 432 517 491 Jure
540 413 601 472 hec
622 433 709 491 poeno
722 414 832 490 legetur
851 414 992 492 imponite)

68 494 116 553 sed
131 496 230 553 merito
243 490 395 564 dubitetur,
416 494 508 553 utrium
524 494 586 553 telis
600 514 657 554 non
671 503 772 574 peccet
784 493 948 554 mortaliter.

126 655 166 714 N.
191 653 235 712 12.
259 656 317 715 DE
339 654 532 715 PATRINO
555 644 947 716 CONFIRMATIONIS.
979 670 982 675 '

300 817 332 881 S.
351 817 450 876 Thom.
465 825 563 898 quest.
577 817 626 879 72.
641 824 701 878 ort.
717 817 763 876 10.

73 981 97 1038 l.
121 978 312 1039 Adlu'beudus
332 985 376 1038 eut
390 979 548 1052 Petrinus,
582 978 623 1039 11.
645 1000 698 1041 seu
715 979 838 1053 Tenens,
860 978 917 1040 IIL
941 980 998 1046 Qui

114 1062 262 1120 contrahit
280 1059 489 1136 obligationem
513 1063 721 1121 instructionis
743 1069 772 1119 et
789 1065 996 1140 >cognationem

114 1141 302 1220 spiritualem.
324 1141 380 1200 IV.
402 1141 613 1202 [itinerantem
629 1147 797 1202 assumitur.

114 1304 166 1361 Au
181 1304 209 1360 io
225 1302 448 1362 confirmatione
461 1303 638 1363 adhibendos
652 1310 695 1363 est
708 1304 842 1367 Petrinus
854 1304 881 1362 i·

116 1385 139 1443 1.
167 1383 204 1442 R.
220 1383 415 1458 Affirmanve,
433 1387 541 1445 scilicet
563 1407 601 1444 ex
624 1393 761 1464 precepto
789 1385 997 1454 Ecclesiastico,

75 1466 174 1523 eodem
188 1463 272 1533 modo
285 1485 319 1534 oc
332 1467 360 1522 in
377 1466 534 1544 Baptismo;
555 1467 710 1546 specialiter
721 1475 817 1525 eutem
828 1467 877 1525 hio
891 1475 999 1525 vocetur

82 1546 209 1613 Tenent,
232 1547 328 1624 quiin
352 1546 496 1625 Baptismo
522 1549 688 1627 (presertim
708 1567 759 1626 per
779 1546 998 1623 immersionem)

79 1628 187 1695 dicitur,
203 1625 316 1686 Leonum
338 1627 381 1686 vel
407 1628 584 1704 Susceptor:
605 1632 673 1707 quio
696 1629 756 1706 ejus
777 1627 903 1687 officium
915 1628 998 1688 estio

81 1709 299 1766 Confirmatione
320 1717 417 1766 tenere
441 1707 668 1782 confirmandum,
692 1719 723 1769 ut
742 1709 813 1768 dicit
839 1707 999 1770 Pontificole

84 1791 245 1848 Romanum
255 1788 410 1847 hisverbis:
420 1790 570 1849 “Infantes
578 1811 625 1867 per
632 1792 758 1851 Petrinos
766 1797 831 1850 oute
837 1788 998 1849 Pontificem

81 1868 242 1929 confirmare
263 1871 400 1929 volentem
421 1879 567 1930 teneantur
579 1873 609 1931 in
623 1871 743 1931 brachiis
754 1871 897 1942 dexteris;
919 1869 999 1931 adulo

80 1954 152 2017 vero,
174 1971 223 2007 seu
238 1950 285 2008 elii
300 1951 428 2028 majores,
449 1960 557 2030 ponent
576 1951 677 2031 pedem
697 1972 776 2011 snum
797 1972 885 2030 snper
904 1950 997 2030 pedon

82 2032 228 2091 dextemm
240 2031 346 2097 Potrini
354 2035 395 2092 sui
406 2054 411 2089 :
424 2042 453 2091 et
465 2031 528 2090 ideo
539 2053 628 2110 neque
639 2032 876 2092 masculifemiois
891 2033 997 2106 Potrioi,

82 2133 173 2190 noque
187 2113 297 2170 femine
313 2116 441 2173 mosculis
457 2114 592 2171 Matrinus
607 2135 665 2172 csse
678 2113 842 2172 deberent.''
987 2160 997 2169 ..

126 2194 181 2251 ΙΙΙ.
198 2193 279 2251 Sicut
293 2194 420 2253 Petrinus
433 2199 461 2253 in
486 2194 628 2272 Baptismo
649 2196 848 2273 obligationem
869 2193 998 2254 contrahit

83 2274 234 2333 instruendi
256 2272 428 2354 baptizatum
443 2277 471 2334 io
484 2272 541 2333 fide
554 2284 583 2333 et
596 2275 717 2335 moribus
731 2275 905 2345 Christianis,
926 2277 1000 2334 iteio

83 2353 300 2418 Confirmatiooe
313 2365 409 2414 tenens
418 2366 550 2435 tauquam
564 2365 708 2415 veteranus
720 2357 801 2415 miles
813 2356 999 2415 confirmatum

82 2437 177 2496 adhuc
197 2445 324 2514 tyronem
341 2435 484 2516 perfectius
497 2439 525 2496 io
540 2436 641 2497 militie
655 2437 813 2497 Christiana
826 2437 946 2497 edocere
959 2436 1001 2495 de·

79 2519 137 2578 bet.

127 2598 276 2659 Contrahit
286 2599 410 2658 similiter
426 2600 482 2671 (uti
496 2603 581 2659 etiam
593 2598 737 2677 Minister)
748 2602 944 2677 cognationem
953 2600 1001 2678 spi.-

83 2681 214 2742 rituelem
228 2701 292 2740 oum
304 2680 469 2739 confirmato
482 2681 598 2759 ejusque
607 2681 777 2760 parentibus
786 2691 819 2739 ut
832 2681 921 2739 habet
933 2679 1003 2739 Coo·

87 2763 182 2821 cilium
197 2761 392 2821 Tridentioum
403 2782 470 2820 sess.
481 2761 530 2820 24.
541 2764 577 2820 do
589 2760 1005 2840 ReformotioueMatrimom'i

88 2865 150 2923 cap.
160 2843 189 2901 2,
203 2843 275 2923 quod
288 2845 391 2922 populo
402 2852 526 2922 tempore
534 2851 562 2901 et
574 2844 635 2903 loeo
645 2843 729 2901 debet
738 2843 872 2901 inculcari
884 2863 891 2899 ι
904 2852 934 2902 et
946 2848 1007 2900 oum

88 2947 141 2982 nec
157 2923 403 2998 Confirmatorum,
421 2944 472 2982 nec
487 2924 661 2984 Potrioorum
673 2926 787 2982 nomine
799 2925 910 2980 soleant
923 2942 1005 2981 anno·

88 3008 150 3078 tari,
171 3008 244 3063 siout
255 3008 283 3064 in
300 3004 456 3083 Baptismo‚
475 3004 542 3078 ideo
551 3009 664 3065 omnino
676 3007 761 3062 etiem
783 3003 899 3083 expedit
913 3003 962 3061 hic
980 3005 1006 3062 in

89 3087 216 3147 Patrinos
228 3105 368 3144 assumere
381 3088 589 3165 propinquiores
602 3088 829 3161 consanguineos.

130 3168 185 3225 IV.
200 3166 324 3226 Observa
337 3168 421 3225 etinm
434 3169 579 3246 sequentia
592 3187 631 3226 ex
645 3165 782 3225 Postomli
792 3165 1010 3225 Mechlinieosi:

90 3257 110 3280 “
126 3247 340 3307 Confirmaudus
352 3268 440 3305 unnim
454 3253 562 3307 tontum
576 3247 628 3307 sibi
641 3247 746 3325 deligat
761 3249 917 3318 Petrinum,
925 3247 1010 3306 alium

90 3329 127 3386 ab
142 3349 185 3400 eo,
206 3332 224 3386 ei
248 3350 304 3408 quo
317 3329 344 3393 ,ὲ
367 3329 511 3406 Baptismo
533 3337 677 3407 susceptus
698 3329 806 3399 i'ueret3
827 3329 852 3386 si
865 3335 959 3386 tameo
973 3330 1012 3387 io

88 3412 240 3468 necessitas
253 3420 374 3488 cogeret,
387 3409 462 3469 idem
476 3412 578 3469 tamin
593 3404 748 3489 Baptism'o,
762 3417 848 3487 quem
863 3410 892 3466 in
903 3406 1011 3466 Confir·

88 3492 212 3549 motiooe
227 3486 357 3551 Petrinus
371 3512 432 3551 esso
446 3500 564 3568 potest..
576 3491 636 3551 ..In
651 3493 706 3550 hoo
721 3489 948 3549 Confirmatioois
961 3489 1013 3546 Se·

89 3580 231 3632 cremento
252 3594 309 3633 noo
332 3581 424 3652 potest
443 3571 533 3632 elium
550 3575 689 3650 suscipere
702 3574 730 3630 io
744 3570 871 3642 filiolum,
891 3575 941 3648 qui
953 3572 1015 3648 ipse

88 3651 265 3721 confirmatus
288 3674 343 3713 ooo
368 3660 420 3727 est,
439 3660 488 3715 out
511 3655 560 3733 qui
583 3652 766 3731 qualitatibus
779 3652 835 3712 iilis
852 3649 1014 3731 impeditur,

89 3754 149 3814 quo
162 3739 247 3816 supro
261 3734 341 3794 tituto
354 3735 391 3794 de
410 3735 528 3796 Petrinis
554 3735 597 3815 (in
614 3732 770 3814 Baptismo)
787 3729 1012 3813 exprimuntur.''

664 3926 750 3962 Q
798 3938 806 3957 s
