2130 3990
101 180 163 241 226
323 222 327 231 .
370 192 568 237 nrssaanasro
581 188 794 237 uasonoarcr·

102 344 277 404 mirationem
304 340 425 401 defixit:
447 341 566 421 populus
589 345 651 398 voro
680 352 775 417 optare
798 343 889 407 aaut
903 339 930 396 in
946 344 1026 417 poste·
1053 398 1056 415 ,

101 430 273 504 rampertus
300 443 438 483 caesareus
452 422 648 481 defunctarum
662 416 917 500 praegnantium'in
932 440 1025 481 morem
1052 422 1056 475 .'

102 507 203 573 abiret,
225 515 356 585 prompto
382 512 411 563 et
424 505 510 562 alacri
532 507 625 561 animo
648 510 814 580 protestatus
827 509 888 559 est:
910 501 982 580 quod
1005 514 1025 565 et

99 587 198 648 sedulo
222 586 338 656 factum,
360 589 428 665 ipsis
451 585 555 643 exinde
574 584 692 662 gravidis
707 583 883 642 moribundis
896 581 1023 643 ultrder·
1057 588 1059 649 j

100 667 274 749 petentibus.
1057 722 1059 727 ,

143 756 161 783 “
177 747 342 828 Complures
355 748 410 806 hac
424 747 459 805 de
472 766 511 819 re,
533 748 622 826 pergit
639 747 750 815 Auctor,
773 745 900 825 ejusdem
917 744 1024 804 Abbatis

103 829 247 909 Epistolas
276 829 377 901 liabeo,
412 831 524 907 insuper
551 831 712 887 testimonia
733 829 899 907 juramento
925 829 1024 887 firmata

100 909 125 967 F
128 913 244 970 rancisci
273 911 374 968 Maria
401 911 493 967 Rizzo
527 910 645 967 Paroclri
659 919 687 967 et
712 908 898 968 Protomedici
923 913 1023 986 egregii,

100 996 147 1071 qui
164 991 300 1050 infantem
310 991 474 1069 baptizavit,
498 990 652 1048 aricinum
667 990 771 1069 Angeli
784 986 950 1057 Stenantini
964 988 1023 1048 chr-

98 1076 182 1152 rurgi,
205 1074 253 1151 qui
267 1073 411 1152 gravidam
422 1074 520 1145 secuit,
535 1082 565 1129 et
576 1072 716 1130 Francisoi
728 1070 853 1131 Marulla
866 1069 891 1150 ej
897 1092 930 1128 us
939 1070 1023 1130 adrni-

99 1157 187 1213 nistri.
232 1154 308 1212 Haec
335 1161 428 1211 autem
457 1155 552 1211 omnia
578 1172 641 1211 vera
655 1174 725 1225 esse,
744 1163 772 1212 et
784 1157 812 1211 in
826 1154 870 1213 sui
884 1155 1023 1231 praesentia

97 1236 257 1312 contigisse,
283 1236 434 1294 Rainerius
462 1232 498 1292 de
525 1236 664 1291 Rnineriis
692 1232 914 1292 Archidieconus
936 1234 1023 1295 ervi-

96 1320 186 1375 carius
211 1315 359 1375 Generalis
372 1318 575 1392 subscriptione
598 1318 650 1373 susi
671 1315 804 1395 probavit,
825 1324 855 1373 et
867 1312 1024 1374 authentica

97 1397 219 1456 reddidit
234 1397 301 1456 Kal.
317 1397 385 1455 Oct.
405 1396 509 1458 1745.”
966 1440 969 1445 -

139 1478 266 1538 Aliunde
280 1481 304 1537 si
317 1487 424 1556 puncta
436 1479 566 1536 salientia
578 1478 717 1557 pullorum
732 1481 843 1537 tametsi
856 1478 894 1536 ab
907 1479 967 1547 ovis
977 1498 1024 1536 exi

97 1569 199 1632 tracta,
220 1569 319 1639 quarto
346 1560 534 1617 incubatiouis
557 1558 613 1625 die,
635 1560 683 1617 ubi
711 1560 832 1618 necdum
846 1559 1023 1638 aliquarum·

96 1661 158 1700 rum
173 1641 316 1700 distinctio
340 1643 368 1699 in
383 1644 423 1699 eis
446 1642 521 1698 valet
542 1660 604 1698 osse
615 1644 779 1720 conspicua,
799 1660 912 1699 sensum
928 1649 959 1699 et
972 1660 1022 1698 nro

95 1737 157 1780 tum
171 1722 315 1780 habeant:
337 1724 394 1779 imd
408 1723 431 1780 si
447 1721 630 1801 quandojam
652 1734 762 1781 mortua
776 1720 915 1793 videntur,
935 1722 1022 1802 aliquo

95 1802 223 1862 lomento
237 1811 372 1871 recreata,
387 1806 473 1861 vitam
487 1802 581 1861 denuo
597 1802 783 1873 manifestent,
799 1805 883 1861 sicuti
897 1803 1022 1861 Heraeus

95 1884 246 1962 saepissime
271 1893 405 1963 expertus
428 1893 485 1954 est3
496 1883 513 1918 *
528 1888 615 1942 etiam
629 1885 764 1944 credibile
776 1888 887 1964 penitus
902 1895 1019 1964 apparet,

96 1965 264 2044 embryones
280 1968 442 2024 tenerrimos
469 1967 542 2022 aeris
555 1968 728 2045 impressioni
742 1967 876 2024 obsistere
890 1965 1020 2045 aliquam·

96 2046 146 2104 diu
161 2067 250 2125 posse.

136 2129 209 2186 Item
232 2131 256 2186 si
271 2127 339 2186 tales
353 2126 522 2205 embryones
546 2128 702 2186 incolumes
722 2131 907 2186 remanserint
919 2130 948 2186 in
965 2148 1017 2186 mu·
1054 2122 1059 2149 ³

92 2210 204 2267 lieribus
227 2208 331 2288 poculo
354 2211 451 2267 nocivo
479 2211 624 2288 oppressis,
647 2207 689 2267 vel
703 2209 739 2266 ad
758 2218 919 2267 extremum
935 2211 1019 2268 vitari
1053 2270 1059 2293 1

96 2291 194 2348 morbo
221 2290 322 2349 lethali
350 2289 466 2354 adactis,
489 2301 518 2346 et
531 2300 656 2368 tempore
672 2290 770 2348 debito
784 2291 890 2369 optime
905 2291 1019 2350 valentes
1053 2298 1059 2365 j

93 2370 161 2428 editi
177 2371 289 2444 fuerint,
309 2379 394 2447 prout
402 2370 583 2448 quotidianus
597 2371 716 2429 ostendit
728 2382 857 2439 eventus3
872 2393 960 2451 quare
970 2392 1018 2429 non
1053 2370 1059 2389 ¹

92 2453 262 2510 sustinerent
274 2451 472 2531 aliquantisper
486 2471 597 2529 gravem
617 2452 694 2510 illum
709 2453 861 2511 tumultum
874 2455 912 2512 ab
927 2455 1017 2511 abortu
1056 2514 1059 2519 ,

91 2532 277 2591 suscitatum?
1053 2540 1059 2551 '

131 2612 258 2674 inferent
280 2611 357 2670 baud
383 2612 479 2680 dubie,
501 2612 576 2692 qubd
599 2620 723 2672 astruere
747 2634 892 2693 cogamus,
922 2636 1018 2676 uxores

89 2714 189 2753 omnes
211 2693 338 2753 nondum
353 2694 467 2765 steriles,
489 2704 518 2753 ot
532 2694 640 2773 puellas
656 2695 816 2756 libidinosas
829 2708 892 2776 post
905 2705 1017 2758 mortem
1055 2704 1059 2773 j

92 2775 254 2835 incidendas
267 2774 335 2835 fore.
1056 2786 1059 2793 '

131 2858 238 2916 Verum
253 2859 389 2936 quianon
416 2860 576 2936 opinamur,
599 2858 768 2938 embryones
782 2861 947 2919 tenerrimos
961 2864 1016 2920 ani·
1057 2854 1059 2859 ’

90 2939 138 2996 ma
165 2938 295 2997 rationali
321 2938 482 2998 informatos
510 2958 580 3008 esse,
603 2941 658 2997 nisi
672 2950 786 3019 propter
806 2941 966 3021 probabiles
981 2962 1018 3000 ra·
1057 2948 1059 2955 '

89 3022 179 3078 tiones
192 3019 222 3078 id
236 3019 385 3079 suadentes
397 3042 403 3089 ;
426 3023 467 3078 ita
480 3040 532 3078 nec
547 3020 723 3080 admittimus
746 3024 944 3081 necessitatem
963 3044 1018 3082 sec-

90 3103 172 3159 tionis
201 3100 344 3168 Caesareae‚
370 3104 423 3160 nisi
444 3101 557 3179 quando
581 3104 688 3161 motiva
709 3103 867 3181 probabilia
894 3103 1019 3163 indicant

89 3181 239 3259 cujuslibet
252 3181 374 3240 mulieris
397 3185 617 3261 conceptionem.
659 3184 701 3242 Et
722 3186 790 3245 sane¹
804 3187 828 3243 si
841 3184 947 3244 indicia
962 3206 1018 3265 pro

87 3262 194 3322 babilis
207 3267 233 3323 vi
247 3271 380 3334 carerent,
400 3265 540 3322 innumeri
553 3263 640 3323 foetus
648 3266 804 3324 certissime
817 3266 931 3324 animati
944 3268 1019 3326 salu·

88 3345 142 3401 tari
167 3345 279 3404 lavacro
292 3344 464 3417 orbarentur,
485 3350 550 3402 crim
574 3346 714 3405 evidentia
736 3353 844 3406 tantum
858 3346 1018 3407 evadentia

86 3432 188 3503 quarto
212 3427 410 3506 praegnationis
425 3426 548 3486 mense*
591 3430 610 3461 “
625 3427 741 3487 Praestat
760 3431 864 3509 itaque,
884 3430 927 3488 ait
953 3426 1017 3492 llil·

88 3509 211 3577 danuS,†

118 3624 168 3679 'ln
180 3630 203 3679 3.
214 3645 241 3696 p.
254 3648 278 3697 q.
291 3631 332 3680 66.
352 3636 400 3681 art.
413 3635 437 3679 7.
450 3633 475 3680 in
485 3626 544 3681 bne.
578 3629 689 3687 idatru.
701 3632 734 3681 de
745 3628 840 3683 morbis
850 3637 912 3686 mul.
932 3641 951 3686 t.
963 3644 988 3687 5.
1001 3642 1017 3688 l.

68 3698 213 3826 gorcia?
227 3695 250 3749 4.
300 3699 426 3750 willelm.
442 3698 541 3749 Fauna
548 3695 657 3747 midan.
668 3699 1019 3781 luresablrp'rstbb'xeimaxi
