2130 3990
318 111 757 158 aaarmrzuuoraacoarrvrs.
939 96 1000 159 227

63 263 188 317 centnm
199 256 334 319 cadavera
343 262 546 340 pregnantium
557 257 658 319 frustra
670 259 802 334 incidero,
815 258 900 334 quim
912 259 1001 319 eerncl

65 340 242 417 permittere,
262 341 364 401 foetum
379 344 470 400 vivum
486 346 514 400 in
529 349 608 398 utero
623 352 746 399 materno
760 352 816 400 tam
839 341 937 403 misero
951 361 1000 421 pe-

66 424 132 489 rire,
153 431 241 499 etque
261 421 402 483 suffocari.
444 423 512 482 Hoc
526 422 647 502 profectd
671 431 744 481 esset
755 420 898 482 crudelem
911 423 1001 502 atque

67 502 262 562 inhumanum
275 524 337 562 sese
357 523 423 583 erga
436 507 594 583 proximum
619 503 771 563 exhibere:
793 505 850 562 imd
865 512 895 561 et
901 500 999 580 justis·

68 585 174 643 emam
195 586 263 643 iram
277 585 400 645 divinam
409 586 439 644 in
452 604 540 663 genus
553 586 706 643 hamanum
719 583 895 664 provocare.'’

110 660 157 726 Ut
179 674 345 745 praesentem
368 668 524 746 compleam
540 665 767 745 disputationem,
789 667 1003 744 tertiaquaestio

71 750 162 825 grevia
187 756 283 805 manet
305 749 334 806 in
349 750 425 806 omni
449 750 580 828 opinione
594 747 743 805 enodanda
755 760 785 806 et
798 747 922 805 maxime
934 750 1001 824 quia

67 827 150 904 ¹apud
178 826 345 887 adversarios
370 828 495 888 involuta
515 828 636 888 videtur:
668 829 734 893 Quu‘
754 847 855 906 nempe
868 832 1003 887 cautione

72 906 205 968 abortiat
229 912 292 968 sint
318 908 511 987 baptizandi?
553 910 666 969 Caetera
692 909 728 968 ad
754 909 829 968 hanc
854 910 1001 970 materiam

73 992 232 1069 spectantia
245 1000 373 1069 repetere
387 990 487 1050 libebit
499 1012 537 1051 ex
554 990 756 1069 Embryologia
769 991 866 1050 Sacra.

114 1070 241 1130 Abortivi
253 1071 302 1130 alii
315 1073 410 1131 omnia
422 1072 549 1131 membra
572 1073 678 1131 habent
696 1072 847 1152 explicate,
867 1070 917 1131 alii
929 1092 1001 1132 non·

76 1150 140 1211 dum
155 1161 223 1211 sunt
235 1152 354 1212 eandem
367 1152 562 1232 perfectionem
575 1154 679 1233 adepti.
714 1166 717 1171 ’

114 1232 216 1306 Primi,
235 1235 260 1292 si
274 1236 335 1293 vite
358 1234 492 1294 iudicium
508 1244 582 1294 motu
597 1234 747 1314 prebeant,
768 1232 898 1295 absolute
912 1233 1002 1316 bapti·

79 1323 190 1383 zeutan
206 1313 397 1375 conditionate
408 1320 483 1385 vero,
505 1318 528 1373 si
542 1327 650 1376 motum
664 1333 719 1396 pra
732 1335 763 1373 se
777 1335 832 1375 non
850 1316 954 1390 ierant,
973 1324 1004 1375 et

79 1395 256 1455 nihilominus
269 1416 323 1454 non
338 1399 394 1455 sint
407 1398 530 1477 corrupti
543 1407 593 1456 eut
605 1399 698 1470 laceri,
711 1397 779 1456 licet
788 1396 875 1465 lividi,
891 1416 924 1456 ac
939 1398 1002 1456 sine

77 1477 165 1555 pulsu,
186 1479 377 1556 respiratione,
390 1487 471 1537 motu
485 1487 570 1558 atque
583 1498 675 1538 sensu.
718 1477 846 1536 Dubium
862 1485 907 1536 est
916 1481 1001 1545 enirn,

82 1562 166 1616 nuum
180 1576 277 1617 revera
285 1558 415 1632 obierint,
425 1580 461 1618 an
475 1580 533 1618 non
548 1569 660 1640 propter
672 1557 787 1618 abortiis
798 1559 959 1620 violentiam
972 1561 1002 1618 in

81 1641 199 1699 immane
209 1638 360 1717 deliquium
374 1638 534 1700 inciderint.
629 1704 632 1709 ,

24 1734 31 1793 ¹„
114 1718 253 1790 Secundi,
269 1720 354 1780 mode
366 1721 485 1780 humani
498 1721 736 1802 embryonesesse
748 1719 903 1793 videantur,
919 1722 1006 1780 etiam

24 1812 34 1887 ζ
76 1803 169 1880 primis
182 1799 355 1880 graviditatis
368 1802 468 1861 diebus
479 1803 531 1862 sub
546 1804 703 1864 conditione
715 1803 905 1883 baptizantur,
927 1801 1004 1868 licet,

24 1892 30 1901 “
77 1891 176 1963 utpote
198 1883 309 1943 minimi
332 1892 362 1942 et
384 1882 623 1963 imperfectissima
649 1885 769 1964 figuram
790 1892 907 1945 externo
926 1892 1007 1944 motu

78 1972 200 2025 caream.

24 2054 31 2119 ζ
114 2048 208 2105 Nunc
217 2052 386 2125 compertum
400 2055 450 2122 est,
464 2048 646 2126 embryonem
660 2049 688 2106 in
698 2045 920 2107 ouofoecundato
931 2064 1005 2104 sem·

24 2198 27 2207 Ι
72 2146 202 2205 potesse
227 2127 396 2186 sensibilem.
440 2128 625 2189 Manifestum
652 2131 765 2209 insuper
791 2136 835 2188 est
854 2127 1004 2201 dietertio,

74 2228 130 2268 non
145 2207 237 2267 solum
252 2208 358 2288 absque
375 2209 567 2290 microscopio,
587 2210 689 2270 foetum
709 2212 808 2269 vermis
821 2213 905 2270 instar
917 2209 1005 2287 inspi-

74 2288 214 2349 cientibus
240 2309 383 2370 apparere,
405 2291 456 2349 sed
478 2301 613 2371 etlcaput
637 2293 732 2372 ipsius,
755 2290 832 2371 quod
857 2288 938 2349 aedae
963 2297 1006 2348 est

72 2372 178 2431 animia
206 2376 354 2451 praecipua,
381 2372 510 2433 discerni.
554 2374 705 2443 casterium,
735 2376 788 2432 etsi
812 2370 952 2430 sensibilia
975 2374 1005 2429 in

74 2453 168 2532 seipso
188 2472 245 2511 non
271 2460 354 2525 esset,
374 2453 437 2514 talis
451 2463 544 2514 tamen
567 2453 639 2514 foret
658 2458 686 2513 in
701 2474 763 2526 ovo,
782 2456 878 2534 inquo
892 2451 1004 2512 conclu·

77 2533 161 2593 ditur.
204 2532 271 2591 Hoc
293 2553 356 2592 vero
384 2536 453 2596 nibil
481 2535 568 2601 aliud.
590 2537 728 2615 estqudm
755 2533 921 2600 secundinae,
943 2551 1005 2611 qua

77 2635 132 2673 non
159 2615 253 2673 soldm
278 2633 342 2673 curn
356 2615 427 2674 foetu
455 2619 660 2681 continuantur.
681 2622 775 2675 versun
789 2618 872 2673 etiem
886 2617 1006 2693 corporis

77 2699 163 2774 ipsius
189 2695 314 2755 dicendae
341 2706 406 2754 sunt
429 2705 521 2778 partes
547 2697 584 2755 ad
599 2702 691 2768 ritem,
714 2714 856 2776 quousque
870 2697 899 2753 in
909 2694 1005 2752 lucem

80 2777 205 2855 prodeat,
229 2796 341 2856 prorsus
366 2781 535 2837 necessaria.
579 2779 671 2845 Hinc,
693 2780 831 2838 referente
858 2785 887 2836 et
899 2774 1006 2855 ponde·

24 2854 26 2859 ’
79 2868 157 2917 rante
176 2857 332 2916 Benedicto
359 2859 465 2933 XlV,*
487 2861 576 2938 plures
599 2880 695 2936 graves
724 2860 859 2917 Doctores
871 2859 1006 2924 sentiunt,

79 2938 180 2999 foetnm
195 2938 358 2998 immediate
371 2942 514 3019 baptizari,
537 2942 603 3000 curn
618 2940 777 2999 secundinae
792 2938 954 2997 madebunt.

119 3021 162 3081 Et
190 3025 325 3100 quoniam
348 3025 426 3080 ouini
451 3025 515 3100 jure
541 3023 648 3080 favores
672 3026 727 3080 sint
741 3018 904 3099 ampliandi,
923 3018 1008 3078 foetns

81 3105 134 3161 sive
162 3103 283 3172 minimi,
303 3104 359 3159 sive
387 3104 470 3182 plene
494 3103 603 3161 formati
632 3106 763 3174 minores,
792 3101 929 3179 baptizari
956 3099 1007 3158 sub

80 3183 241 3242 conditione
270 3181 376 3241 debent
403 3184 687 3263 prinmmsecundinis
700 3184 829 3253 involuti,
848 3202 885 3240 ne
897 3191 1008 3260 tempus

80 3264 239 3325 absumatur
264 3284 329 3321 cum
366 3266 489 3345 periculo
515 3269 609 3324 mortis
637 3270 769 3344 ipsorum,
791 3264 840 3321 ubi
868 3265 926 3322 altri
956 3282 1006 3320 ex-

80 3357 255 3423 ponerentur.
312 3347 454 3414 Conditio
484 3349 514 3404 εἰ
533 3367 564 3404 es
579 3367 686 3424 cupae,
712 3347 841 3425 apposita
867 3346 911 3403 isti
934 3344 1008 3422 Bep-

80 3430 171 3497 tismo,
193 3429 306 3507 respicit
330 3439 386 3486 tarn
416 3428 533 3488 dubium
556 3430 730 3489 animationis
752 3434 781 3485 et
803 3425 1008 3492 vitaefoetuum,

80 3510 165 3587 qnam
181 3508 308 3583 dubium,
322 3530 359 3567 ne
374 3509 555 3590 Raptis-matis
570 3508 706 3568 validitati
720 3507 1011 3569 obstentsccundinae·
1040 3512 1048 3587 t

92 3684 136 3732 De
151 3686 210 3746 Syn.
224 3685 336 3739 croces.
349 3691 368 3737 l.
383 3692 405 3747 7.
418 3709 441 3742 c.
456 3694 481 3746 5.
495 3712 522 3748 n.
537 3697 564 3751 3.
591 3668 593 3672 Ι
