2130 3990
374 199 416 244 mr
438 198 650 243 aucasnrsurr.
914 180 975 245 317

48 363 54 400 e
69 351 172 404 eontra
184 345 292 407 indoles
305 349 335 404 et
346 344 569 425 pravaaducatio
578 343 697 403 suadere
707 341 975 423 potestdilationem

49 445 166 505 angam,
185 430 292 501 (etiarn.
298 425 466 506 quandoque
481 435 542 506 post
555 447 660 485 annum
671 421 974 501 decimumquartum),

48 515 74 565 rt
101 508 195 586 major
217 528 281 586 apes
306 506 442 585 affulgeat
462 508 588 567 seruandi
612 515 710 586 postea
733 510 851 585 gratiam
879 507 975 584 primae

48 585 271 649 communionis.
748 600 749 604 ’

85 671 174 728 Porro
190 670 342 739 Paroahus,
365 671 414 748 qui
430 672 492 729 oitae
512 669 691 748 parvulorum
706 667 907 733 Commuuioni
932 666 973 725 fa-

48 750 246 820 rara‘volrrerit,
269 771 315 817 ne,
335 753 457 829 inpagis
480 750 643 830 prasertim,
664 751 745 808 nimis
767 751 867 808 acriter
880 757 977 826 urgeat

48 833 182 909 exequias
196 851 247 910 pro
260 851 346 910 puero
359 838 492 912 tauquam
505 850 556 910 pro
571 829 667 889 adulto
688 831 757 903 fieri,
778 849 846 888 mox
868 849 903 888 ao
928 827 976 887 ille

48 913 159 989 caperit
173 913 386 970 communicare.
431 913 577 970 Hactenus
588 912 772 990 Steyaertiue.

84 992 142 1050 tv.
165 992 422 1051 Observantetiam
447 992 587 1064 Pastores,
608 1000 717 1050 tantam
741 1012 796 1051 non
825 989 974 1050 desiderari

49 1081 167 1143 etatem,
184 1083 217 1131 ut
230 1076 290 1151 quis
317 1076 346 1131 in
371 1077 466 1132 mortis
480 1073 598 1131 articulo
620 1074 706 1150 possit
728 1082 757 1130 at
772 1071 874 1131 debeat
887 1075 975 1129 Sacro

48 1150 157 1213 Viatico
177 1155 288 1225 muniri,
309 1165 414 1232 quanta
437 1157 580 1234 requiritur
593 1163 677 1210 extra
691 1153 786 1212 mortis
801 1153 974 1232 periculum.

48 1233 117 1293 tude
134 1235 252 1295 Pastoris
266 1241 308 1293 ast
320 1235 457 1294 infantem
472 1242 651 1311 aegrotautem
667 1237 801 1293 instruere
815 1245 844 1291 et
857 1233 971 1310 diligen-

48 1323 79 1372 *er
92 1319 268 1384 examinare,
291 1335 375 1394 quern
398 1318 421 1374 si
443 1315 574 1374 idoneum
595 1318 736 1392 repererit,
759 1317 868 1373 munire
892 1312 977 1372 debet

48 1392 165 1466 diutino,
181 1396 293 1456 tametsi
305 1406 391 1454 antea
405 1416 547 1472 nunquam
562 1399 799 1457 communicasset
813 1420 819 1467 ;
834 1395 883 1454 tali
898 1397 973 1453 enim

48 1496 104 1535 tasu
119 1487 198 1555 urget
212 1485 379 1556 praeceptum
394 1479 528 1537 Divinum
544 1476 579 1534 de
592 1475 862 1536 sumendo'Viatico.

80 1557 121 1615 V.
146 1559 185 1616 tut
198 1557 265 1616 hino
279 1560 400 1636 graviter
413 1557 545 1637 culpandi
566 1566 630 1615 sunt
643 1566 777 1635 parentes,
814 1558 841 1615 ui
854 1558 881 1615 in
894 1576 970 1630 casu,

48 1637 197 1698 resolvere
210 1638 332 1697 debeant
345 1639 451 1716 majora
466 1639 531 1716 jura
550 1638 730 1704 funeratium,
751 1578 898 1715 nodbigunt
925 1656 973 1695 cu·

48 1738 121 1791 nra,¹
135 1728 166 1777 ut
194 1719 340 1778 Viatioum
352 1722 410 1778 suis
429 1721 550 1798 prolibus
565 1719 739 1777 moribundis
765 1719 974 1777 administretur

48 1799 89 1858 ub
105 1809 255 1879 praetextu,
277 1801 353 1880 qudd
366 1802 491 1858 nondum
506 1799 625 1859 fecerint
646 1802 766 1878 primam
790 1799 972 1858 Communiu-

48 1899 118 1940 rem.
161 1881 228 1939 Hoc
242 1897 338 1940 autern
352 1884 545 1940 inconveniens
572 1879 655 1938 facile
681 1879 836 1949 mirabitur,
853 1883 876 1940 si
888 1879 973 1938 Paro·

48 1958 121 2031 hus,
144 1981 210 2020 casu
224 1981 280 2037 quo
293 1962 362 2020 tales
376 1961 469 2041 proles
480 1964 645 2028 moriuntur,
666 1981 722 2021 nou
736 1970 834 2040 urgeat
846 1971 973 2040 parentes

48 2040 225 2121 daxequias
237 2062 314 2101 more
329 2041 494 2103 adultorum.
763 2074 766 2080 ·

48 2248 80 2307 b.
105 2249 155 2308 45.
176 2248 236 2307 AN
253 2248 406 2308 DANDA
433 2246 499 2307 SIT
515 2245 756 2306 COMMUNIO
785 2245 971 2307 AMENTI·

78 2328 518 2482 gffiTFitglelgssgbtcthNIS,
542 2326 827 2388 INDECENTER
846 2327 971 2388 ACCE·

282 2613 313 2672 S.
330 2612 427 2674 Tlronn
444 2623 537 2694 quast.
558 2615 608 2675 80.
624 2617 681 2672 art.
698 2614 727 2671 9.
762 2688 771 2707 .

48 2794 64 2852 i.
86 2793 155 2853 Non
171 2794 259 2853 datur
268 2799 414 2871 perpetuo
429 2794 601 2866 umentibus,
624 2793 666 2852 ΙΙ.
690 2793 788 2852 Datur
801 2799 897 2852 menta
919 2796 968 2853 de-

78 2874 239 2945 bilioribus,
261 2874 316 2934 ΠΙ.
362 2875 437 2933 Item
452 2877 615 2934 umentibus
636 2893 694 2933 non
714 2879 869 2952 perpetuo.
912 2875 968 2933 lV.

48 2994 50 2999 ·
81 2957 212 3034 deposito
223 2955 357 3032 periculo
371 2956 502 3025 vomitrts,
525 2960 576 3031 dre.
595 2955 633 3014 V.
650 2955 723 3014 Iram
737 2963 815 3014 muto
830 2962 860 3015 et
872 2958 969 3026 surdo,

77 3036 132 3095 VI.
147 3044 176 3096 et
197 3041 260 3094 rar's
285 3043 385 3107 morte,
411 3037 479 3095 Vll.
504 3039 573 3097 Non
589 3037 677 3095 datur
702 3037 742 3094 ad
761 3037 967 3113 probationem

77 3119 220 3184 crimim's,
243 3116 331 3176 Vrtl.
355 3118 459 3197 Neque
474 3123 665 3179 irreverenter
675 3117 887 3176 recedentibus.

77 3318 100 3379 1.
125 3318 243 3378 Puarrrs
254 3319 347 3379 adhuc
363 3320 521 3379 carentibus
535 3341 587 3379 usu
607 3320 723 3380 rationis
751 3327 969 3379 annumerantur

48 3407 161 3461 sarantes
177 3401 251 3479 pleni
265 3410 293 3459 ot
308 3404 441 3479 perpetui,
462 3404 516 3459 sive
530 3403 607 3469 tales,
630 3403 679 3481 qui
693 3410 837 3479 nunquam
850 3420 902 3459 usu
924 3420 967 3461 ra-

48 3484 119 3540 tonis
130 3480 277 3540 fruuntur:
299 3483 398 3560 quibus
426 3481 542 3563 proinde
563 3502 654 3562 neque
680 3485 708 3540 in
732 3483 800 3552 virt,
821 3501 912 3561 nequa
939 3486 968 3543 in

48 3564 132 3621 nortis
148 3563 269 3620 articulo
282 3562 350 3620 licet
363 3562 599 3622 Communionern
614 3563 811 3622 administrare.

72 3643 116 3703 11.
139 3645 198 3715 Qui
223 3652 316 3703 mente
331 3643 479 3704 debiliores
499 3652 575 3718 sunt,
595 3662 646 3703 seu
659 3646 740 3722 quasi
760 3645 971 3717 seminarentur,
1015 3666 1019 3705 r
