2130 3990
107 170 168 231 ete
478 191 655 237 cancerem

110 437 151 498 N.
177 436 225 498 ll.
247 438 308 499 DE
329 434 622 499 NECESSITATE
644 438 1027 507 coneleMATIONIe

305 620 338 682 e.
356 600 454 682 nrm.
471 629 565 701 quie.
580 618 631 683 re.
645 626 699 681 m.
716 621 743 680 r.
758 621 838 683 aee.

107 798 131 858 l.
147 799 215 859 Nan
232 808 277 862 eat
289 807 457 864 necessaria
470 807 645 865 necemitate
656 805 756 878 medii,
776 803 817 865 IL
831 803 889 866 ced
898 803 1026 883 probabi·

146 881 209 941 liu'e
221 889 397 944 necessitate
404 887 540 964 precepti
560 885 617 944 ΙΙΙ.
632 885 740 945 Dioim'
758 886 814 945 lv.
825 892 855 946 et
867 885 1026 947 Ecclesiae·

144 965 290 1108 tpzppsulr'ae.
308 965 371 1027 Pro
388 973 493 1048 praei.
528 964 583 1029 VI.
610 966 800 1046 Coryttmatt'c
822 970 1026 1046 praemittente

141 1227 192 1284 An
206 1237 236 1288 et
248 1229 389 1308 quomodo
404 1229 587 1291 Confirmatio
598 1234 641 1289 eet
652 1228 805 1290 necemeria
819 1226 858 1289 ad
868 1228 1008 1291 aelatemi

142 1306 165 1366 1.
194 1310 232 1368 R,
255 1311 396 1390 Imprimis
417 1332 474 1371 non
498 1320 541 1371 est
563 1312 724 1370 necessarie
739 1313 911 1377 necessitate
923 1310 1021 1381 medin

100 1397 134 1447 ut
147 1399 224 1468 patet
237 1395 265 1451 in
279 1391 434 1453 infantibus
447 1393 607 1473 baptizatis,
627 1393 676 1470 qui
699 1400 767 1451 ante
780 1391 1022 1459 confirmationem

99 1473 261 1533 moriuntur.
778 1527 781 1531 .
1061 1462 1065 1501 ³

140 1549 182 1607 2⁰·
205 1554 332 1615 Dubium
350 1574 408 1620 non
420 1561 464 1614 eet
475 1554 511 1615 de
523 1554 690 1613 necesitate
703 1555 835 1633 precepti
847 1554 932 1633 qumi
944 1574 1020 1634 nagr-

77 1634 154 1704 “tiit
175 1638 292 1712 graviter
304 1636 413 1697 scilicet
433 1635 604 1717 prohibentis
616 1642 810 1714 contemptum
824 1634 1020 1714 hnjueSacrar
1063 1659 1065 1686 r

98 1717 196 1773 menti.
1055 1757 1061 1764 .

138 1794 183 1880 3‘J·
211 1797 274 1857 Nec
297 1800 383 1858 etiem
407 1797 526 1858 dubium
544 1804 596 1870 cet,
615 1798 684 1874 quio
697 1797 860 1875 poenitente
874 1797 964 1858 etiam
973 1798 1018 1856 eni
1047 1777 1065 1901 Ι

96 1886 170 1950 gravl
181 1881 268 1937 teneri
278 1897 328 1958 per
337 1879 467 1940 accidens
476 1879 513 1938 ad
523 1877 607 1959 hujus
620 1877 794 1937 sacramenti
808 1879 1018 1958 susceptionem(

97 1976 121 2013 v.
135 1975 162 2033 g.
177 1961 284 2019 ratione
297 1960 424 2022 scandali
437 1959 553 2027 vitandi,
571 1962 678 2019 ratione
692 1959 807 2037 periculi
823 1959 951 2039 alioquin
964 1980 1015 2018 euc-
1060 1989 1065 2006 ·

97 2038 247 2178 cnmlppndi
260 2044 406 2102 tentationi
420 2051 516 2101 contre
527 2038 623 2113 fidem,
640 2061 665 2099 v.
675 2059 704 2118 g,
719 2048 844 2117 tempore
859 2044 1014 2120 persecutio·
1050 2073 1058 2082 ·

96 2138 150 2184 nro,
196 2142 220 2180 c.
1046 2151 1059 2172 κ,

137 2199 178 2258 ΙΙ.
192 2207 233 2262 4⁰·
249 2204 379 2273 Quaeetio
391 2206 475 2283 igitur
485 2209 620 2284 superest,
640 2221 675 2261 an
691 2199 919 2264 Continuatioeit
929 2221 1015 2261 necce

95 2283 167 2340 earia
180 2287 347 2345 necesitate
359 2288 501 2364 praecepti,
513 2303 562 2365 per
573 2305 603 2342 ee
617 2292 648 2341 et
659 2282 764 2342 directe
777 2283 928 2361 obligantis
937 2283 975 2342 i'-
1009 2326 1012 2333 -

141 2363 177 2420 R.
206 2364 327 2435 Quidem
351 2376 466 2444 negant,
486 2373 517 2425 ut
534 2365 649 2435 Sueten,
671 2362 800 2436 Billuert,
822 2366 877 2423 lec.
895 2362 947 2423 elii
965 2383 1016 2433 nec¹
1043 2374 1047 2443 Ι

93 2445 147 2505 nisi
161 2444 288 2522 obligant
299 2446 351 2505 aab
360 2446 424 2520 levi,
432 2455 464 2506 ut
475 2454 553 2505 tenet
561 2445 674 2524 Sylvius
685 2466 693 2504 z
705 2444 761 2503 olii
773 2448 835 2502 vero
847 2443 895 2522 (ut
903 2445 1012 2517 Juenin,

93 2525 262 2605 Toumally‚
273 2526 425 2601 Decimae,
439 2526 581 2600 Pauwele,
594 2524 665 2604 linc.)
681 2533 837 2604 agnoscunt
848 2535 1012 2608 preceptum
1053 2565 1065 2578 2

94 2607 229 2670 Divinum
244 2617 274 2667 et
287 2607 525 2682 Ecclesiasticun
545 2608 672 2686 obligans
686 2607 738 2666 snb
751 2610 835 2684 greti.
1061 2663 1065 2692 r

133 2689 208 2750 Haec
222 2689 321 2748 ultima
331 2693 471 2751 sententia
481 2709 538 2769 prae
549 2691 656 2749 ceteris
668 2688 843 2768 probabilior,
857 2695 888 2747 et
896 2689 925 2747 in
937 2692 1012 2768 praxi
1063 2697 1065 2704 '

92 2772 186 2843 tutior,
206 2769 316 2850 probari
339 2780 434 2850 potest
453 2771 547 2850 quoad
569 2779 743 2850 praeeepturn
765 2769 889 2827 divinum
905 2771 1012 2848 exiper

91 2853 279 2924 institutionc;
313 2852 551 2933 qnandoquidem
577 2850 704 2910 Christus
726 2849 779 2911 hoo
805 2848 1012 2911 Sacramentum

90 2931 241 2992 instituerit
253 2943 286 2992 ut
299 2933 424 2993 medium
438 2953 528 3012 perse
541 2940 648 2994 certum
662 2941 691 2991 et
703 2929 882 2999 ordinarium,
897 2929 936 2990 ad
949 2930 1012 2989 dan·

90 3012 159 3071 dnm
181 3013 265 3072 robur
285 3022 314 3073 et
326 3015 525 3094 perfectionem
539 3011 707 3072 Christianae
720 3013 793 3082 vitre,
811 3021 842 3070 et
854 3029 911 3070 non
925 3012 1013 3071 §ohim

90 3093 126 3153 ad
140 3093 225 3153 fidem
236 3113 330 3154 coram
339 3095 482 3177 Tyrannio
492 3093 686 3174 profitendam,
700 3092 843 3161 sedetiam
855 3091 891 3150 ad
902 3093 1012 3152 vincea-

92 3174 141 3234 dae
154 3177 320 3235 tentationes
333 3184 432 3237 contre
441 3176 534 3248 fidem,
557 3175 655 3254 quibus
675 3192 749 3252 saepe
765 3182 900 3233 vexantur
912 3173 997 3234 adulti
1007 3195 1020 3229 r.

89 3274 155 3334 ergo
169 3260 286 3316 omnino
299 3268 424 3337 apparet,
444 3257 519 3337 quod
544 3256 672 3317 Christus
686 3252 755 3313 illud
768 3254 889 3312 medium
905 3253 1013 3314 ordina·

89 3339 161 3396 rium
176 3341 300 3416 posuerit
312 3339 362 3397 sub
375 3348 523 3419 precepta,
545 3346 575 3395 at
588 3358 642 3395 non
657 3337 708 3395 sub
721 3334 782 3399 eolo
795 3335 921 3395 coneilio.

134 3420 246 3478 Deinde
264 3419 334 3479 illud
349 3429 516 3500 preceptum
527 3421 649 3477 insinuet
663 3416 855 3476 catechismus
870 3416 1012 3477 Romanus

92 3498 133 3557 N.
151 3504 196 3558 14.
211 3503 246 3560 de
264 3503 490 3567 Confirmctt'one
504 3500 549 3558 his
563 3498 667 3557 verbis:
688 3497 847 3557 “Maxime
858 3495 1012 3557 cavendum

89 3585 141 3654 est,
162 3600 197 3638 ne
219 3583 248 3639 in
263 3601 292 3640 re
305 3581 466 3651 sanctitatis
480 3579 572 3661 plene,
593 3599 640 3660 per
653 3597 738 3658 quem
751 3578 831 3638 nobis
844 3578 940 3638 divine
952 3598 1012 3641 mne

89 3680 155 3720 nera
174 3671 230 3721 tam
245 3661 322 3739 largit
333 3665 539 3744 impertiuntur,
555 3661 652 3741 alique
670 3658 841 3738 negligentia
854 3663 1011 3720 committa·

89 3752 151 3814 tur;
175 3743 249 3824 quod
268 3746 344 3806 enim
361 3744 490 3812 omnibus
509 3744 695 3804 communiter
708 3739 744 3803 ed
758 3739 1009 3813 Sanctificetionem
