2130 3990
386 213 428 256 nn
450 212 608 258 sarriano.
905 180 961 256 lt's

53 355 74 416 Γ.
112 354 165 418 18.
199 357 257 418 DE
280 357 576 503 Nilfflsgffflgh?
599 357 800 419 BAPTISMI
820 358 877 419 AD
900 358 963 418 SA·

222 601 253 662 &
270 580 369 663 ihesu.
384 608 485 682 quest.
500 601 550 660 66.
565 606 620 659 art.
639 600 664 663 l.
677 606 703 660 2.
716 611 744 660 et
757 600 786 661 3.

53 807 60 822 .
77 761 201 843 Duplex
213 767 381 834 necessetas,
398 763 557 841 Baptismi.
599 761 639 821 ΙΙ.
663 762 788 822 Scilicet
798 758 961 824 'necessitas

75 847 175 906 mettii.
221 845 280 903 111.
301 844 343 905 Et
360 847 511 925 praecepti.
563 843 616 902 lV.
643 844 731 912 Quod
742 846 831 926 afficit
843 846 961 906 adultos

72 944 132 1003 pro
145 945 179 985 se
192 935 221 985 et
234 925 313 986 alit‘s.
857 952 860 957 ·

86 1086 109 1145 I.
135 1089 401 1156 ΡιυΕΝοΤΑΝυυΜ,
423 1088 527 1168 aliquid
543 1087 692 1164 dupliciter
705 1087 760 1147 dici
774 1090 961 1147 necessarium

50 1166 321 1243 tisalutam,scilicat
328 1172 490 1229 necessitate
500 1167 594 1241 medii,
605 1176 632 1226 et
642 1172 807 1229 necessitate
818 1171 963 1250 praecepti.

79 1251 157 1310 Pn'or
180 1252 268 1309 oritur
287 1269 325 1308 ex
347 1254 452 1309 ratione
467 1250 552 1308 medii
565 1249 693 1308 absolute
707 1256 854 1310 necessarii
868 1251 904 1308 ad
917 1270 961 1309 sa·

50 1330 133 1401 hum,
153 1334 195 1392 ita
208 1338 242 1388 ut
254 1330 364 1391 deiectu
377 1332 450 1390 illius
464 1330 560 1397 medii,
574 1332 630 1388 sive
645 1331 786 1409 culpabili,
801 1335 859 1390 siva
872 1332 961 1389 incul-

49 1412 133 1490 pabili,
152 1412 229 1471 salus
241 1410 358 1470 obtineri
372 1430 427 1470 non
442 1413 546 1491 possit;
562 1414 711 1469 necessitas
721 1424 815 1473 antem
828 1414 962 1493 praecepti

49 1495 121 1553 uitur
133 1512 172 1551 ex
185 1502 322 1572 precepto
334 1494 475 1571 imposito,
493 1494 555 1551 sine
579 1490 660 1569 cnjus
682 1502 776 1551 tamen
799 1495 964 1574 impletione

49 1573 111 1633 ulus
124 1582 218 1653 potest
239 1573 367 1645 obtineri,
387 1580 456 1652 pati
471 1575 494 1632 si
509 1592 558 1651 per
571 1574 765 1651 impotentiam
779 1574 822 1634 vel
835 1579 962 1653 ignoran-

49 1655 106 1735 tiam
119 1654 318 1723 invincibilem,
340 1653 382 1712 vel
402 1652 470 1713 alias
483 1655 603 1714 rationes
616 1664 780 1715 excusantes
793 1660 962 1736 praeceptum

49 1733 105 1795 llutl
119 1755 177 1795 nota
187 1733 381 1814 aditnpleatur.

75 1816 124 1875 An
139 1815 302 1896 Baptismus
311 1814 438 1874 omnibus
450 1814 486 1874 ad
499 1815 616 1875 salutem
630 1821 672 1874 ast
685 1817 852 1876 necessarius
866 1834 962 1875 neces·

48 1895 247 1956 tutamenti?
913 1951 926 1961 fi

77 1976 120 2036 11.
137 1976 177 2036 R.
190 1974 364 2035 Affirmattve
376 1997 382 2034 :
396 1976 504 2038 scilicet
515 1976 618 2036 adultis
631 1979 661 2036 in
674 1999 704 2036 ra
717 1979 760 2038 vel
774 1980 802 2037 in
816 1983 889 2051 voto,
901 1996 961 2057 par-

48 2055 107 2117 tnlis
120 2058 150 2118 in
166 2078 203 2129 re,
225 2063 345 2135 excepto
368 2079 435 2117 casu
461 2058 607 2136 MartyriiJ
632 2058 751 2136 parvulis
765 2068 856 2117 autern
871 2078 963 2116 annu-

48 2147 183 2197 nerantur
204 2141 341 2218 perpetue
364 2149 498 2198 amentes.
542 2140 587 2197 lta
610 2141 736 2199 Ecclesia
757 2149 786 2199 et
799 2141 853 2198 SS.
870 2140 966 2197 Patres

47 2236 148 2297 temper
160 2220 361 2279 intellexerunt
375 2242 412 2279 ex
423 2220 472 2279 illo
486 2220 549 2279 loco
562 2221 580 2277 J
586 2240 647 2278 can.
671 2241 733 2300 cap.
748 2220 778 2278 3.
801 2240 825 2282 v.
839 2221 870 2278 5.
893 2218 968 2276 Nisi

47 2303 108 2378 puis
120 2305 242 2358 renatus
245 2299 349 2378 suerit
360 2322 399 2359 cx
413 2310 528 2380 optinet
544 2302 661 2378 Spiritu
670 2301 792 2372 Sancto,
801 2319 857 2360 non
864 2306 966 2380 potest

47 2382 164 2439 butroti-e
174 2384 204 2440 in
221 2379 361 2459 Regnum
380 2382 442 2440 Dei.
459 2380 527 2440 Vid.
542 2381 623 2440 Trid.
638 2400 702 2440 sess.
717 2382 748 2440 6.
762 2400 823 2459 cop.
839 2383 869 2440 t.

78 2458 125 2518 Aa
139 2465 226 2519 marn
242 2463 410 2521 necessarius
423 2471 465 2521 cst
477 2465 641 2520 necessitate
654 2463 808 2542 praecepti?

79 2541 138 2600 Ill.
156 2542 191 2600 R„
218 2540 413 2602 Affirmative:
433 2552 466 2602 ut
492 2551 602 2601 constat
629 2562 665 2600 ex
694 2553 837 2622 praecepto
865 2541 968 2601 Christi

46 2621 149 2681 blattis.
165 2643 227 2703 cap.
243 2623 293 2681 28.
307 2643 332 2680 v.
350 2623 397 2682 lt).
422 2624 534 2682 Euntes
548 2626 646 2682 docete
660 2643 758 2683 ornnes
775 2625 882 2682 Gentes
897 2623 965 2700 bap·

46 2706 166 2761 uiantes
187 2724 247 2775 eos,
272 2701 325 2762 &a
352 2704 407 2774 ubi,
430 2707 501 2762 sicut
524 2704 604 2763 datur
629 2706 771 2784 Apostolis
795 2713 965 2783 praeceptum

46 2782 211 2862 baptizandi,
234 2788 274 2841 ita
295 2786 358 2843 aliis
382 2784 463 2845 datur
485 2794 653 2863 praeceptum
673 2784 841 2862 suscipiendi
856 2784 966 2862 Baptis-

47 2882 137 2922 mum:
158 2864 260 2923 deinde
272 2867 421 2923 necessitas
436 2870 567 2944 precepti
581 2867 682 2943 sponte
697 2866 811 2924 resultat
820 2884 858 2921 ex
872 2883 966 2921 neces·

47 2948 123 3003 aitate
137 2945 239 3003 medii:
262 2948 329 3002 item
343 2966 379 3009 ex
393 2950 558 3004 necessitate
567 2946 733 3005 characteris
746 2944 924 3024 baptismalis
935 2951 968 3003 ut

47 3025 127 3084 homo
140 3028 330 3105 incorporetur
354 3025 488 3085 Ecclesia
506 3048 540 3086 aa
564 3047 657 3107 capax
671 3028 722 3087 fiat
736 3029 853 3087 aliorum
868 3026 967 3084 Sacra·

46 3115 204 3165 mentorum.

82 3187 231 3255 Quasnam
247 3185 336 3247 afficit
349 3187 419 3247 illud
433 3189 625 3267 praeceptum?

82 3267 139 3326 IV.
163 3269 202 3328 R.
234 3267 355 3328 Adultus
378 3270 511 3348 precepti
535 3289 652 3348 capaces
675 3270 770 3339 afficit,
793 3276 852 3328 tum
877 3268 968 3347 quoad

46 3350 154 3427 seipsos,
176 3359 236 3407 tum
260 3349 353 3425 quoad
376 3351 454 3424 alios,
476 3350 573 3427 quibus
586 3354 642 3409 sive
662 3373 699 3410 ex
720 3352 840 3430 justitia,
859 3353 915 3407 sive
929 3369 966 3407 ex

46 3429 181 3489 charitate
195 3439 324 3490 tenentur
338 3430 514 3511 Baptismum
528 3451 687 3510 procumre‚
708 3442 740 3490 ut
752 3441 818 3490 sunt
830 3439 968 3509 parentes,

47 3509 186 3582 Putares,
199 3513 253 3570 tac.

81 3591 272 3667 Quandonam
287 3600 382 3650 autem
397 3591 559 3671 Baptismus
572 3592 686 3670 coeperit
698 3591 830 3671 obligare,
851 3592 914 3651 ride
939 3592 967 3648 in

45 3669 179 3733 'imctatu
203 3673 240 3732 de
265 3671 406 3749 Legibus,
426 3674 476 3732 ubi
500 3673 536 3734 de
561 3682 685 3752 tempore
698 3673 878 3755 obligationis
891 3691 969 3731 nova

48 3751 139 3830 tagis.
