2130 3990
274 181 316 226 oc
336 180 549 225 monsacutus
568 180 603 222 ru
625 166 763 223 (rasicae.¹
925 160 982 225 1³7

53 323 256 386 Matrimonio.
300 326 365 386 Hoc
378 335 542 387 tamennon
556 325 662 385 obtinet
673 328 701 385 in
717 325 900 385 sacramento
914 325 981 384 Poe·

51 407 191 478 nitentire,
205 407 284 486 cnjus
290 407 494 468 administratio
506 416 549 466 en
570 407 696 466 occulte:
717 426 771 465 nec
784 409 868 465 etiam
883 408 912 465 in
926 407 979 464 Sc·

51 498 201 548 eramento
225 487 350 562 Ordinis,
369 489 443 567 quod
462 509 518 548 non
532 494 574 548 est
585 507 634 566 pro
647 486 794 559 omnibus;
816 486 865 546 sed
880 487 980 547 electio

50 566 272 628 ordinandorum
286 578 329 629 est
340 588 424 648 penes
439 569 574 629 Ecclesia
590 568 736 627 Rectores.

91 649 326 729 Aequandcque
352 651 419 710 licet
440 649 480 728 (v.
497 669 525 728 g.
538 647 573 707 ad
602 647 779 708 avertendum
804 647 978 727 sacrilegium

50 730 242 810 suscipientis)
266 731 401 791 simulare
425 730 648 795 Sacramentum,
678 749 703 788 r.
718 748 745 807 g.
767 728 900 788 Hostiam
922 748 978 789 non

51 821 244 951 ωῗοώηιέιω
257 810 443 950 porrigendo,
463 831 515 891 pro
537 809 710 869 absolutione
731 809 824 869 dendo
846 809 977 872 benedic·

51 892 90 951 tio
159 934 171 966 ,
221 913 247 951 c.

91 968 149 1031 lv.
158 973 196 1032 R.
204 972 273 1032 Hoc
281 971 789 1053 cempsrestgrsrepeccatummtpote
800 968 977 1031 mendacium

51 1052 231 1130 sacrilegum,
258 1053 418 1113 redundans
430 1055 460 1112 in
478 1072 588 1132 gravem
600 1052 732 1131 injuriam
747 1053 852 1111 Christi
873 1058 903 1110 et
923 1052 975 1111 Sa·

51 1135 203 1204 eramenti3
227 1133 302 1194 fecto
323 1137 398 1194 enim
412 1154 461 1193 suo
474 1135 536 1194 telis
548 1133 627 1200 dicit,
647 1153 677 1191 se
688 1135 715 1191 in
727 1134 851 1193 Nomine
864 1140 894 1190 et
908 1132 977 1191 Per·

51 1232 121 1272 eona
134 1214 241 1274 Christi
253 1235 278 1273 v.
291 1233 317 1294 g.
333 1214 473 1293 absolvers
485 1220 547 1274 crim
561 1216 633 1274 sciat
646 1213 700 1273 boc
714 1234 768 1273 non
783 1212 845 1272 lieri
855 1233 862 1282 ;
872 1210 976 1272 deinde

51 1293 204 1355 inHostie
217 1315 275 1354 non
294 1305 465 1356 consecrate
484 1296 660 1375 porrectione
674 1296 814 1362 Minister,
836 1294 976 1373 quantum

51 1375 82 1433 in
93 1395 126 1433 se
137 1383 190 1448 est,
211 1374 280 1435 fecit
291 1375 440 1436 idoletrsre
452 1385 619 1454 presentes:
640 1396 693 1434 nec
715 1378 800 1435 etiam
822 1376 973 1452 suscipiens

51 1472 104 1535 per
114 1454 174 1516 hoc
184 1457 367 1516 excusabitur
379 1460 521 1537 sipecceto
534 1455 680 1535 sacrilegii,
694 1462 758 1515 ciun
773 1458 834 1536 ipss
847 1462 935 1536 putet,
945 1474 976 1514 se

50 1538 190 1618 accipere
203 1539 427 1597 Secrementum.

89 1614 130 1677 V.
155 1618 242 1678 Unde
262 1621 346 1678 etiam
365 1616 550 1678 condemnem
562 1623 605 1676 est
616 1618 652 1676 sb
667 1618 832 1677 innocentio
845 1614 900 1675 XI.
914 1614 977 1675 bec

48 1700 203 1778 propositio
215 1698 266 1760 29.
291 1696 411 1776 Urgcns
424 1706 517 1759 metus
528 1701 632 1776 granis
657 1707 700 1758 est
709 1699 800 1777 jueta
814 1715 906 1756 causo
920 1694 973 1755 Sn-

52 1786 266 1839 mentorum
281 1780 562 1840 administrationem
572 1777 757 1840 simulandi:
778 1779 935 1838 sicutenim
945 1776 975 1834 in

51 1860 235 2001 mtefireicribus
256 1859 405 1921 damnetur
427 1862 560 1921 restrictio
578 1860 708 1920 mentalis
720 1860 749 1919 in
763 1859 858 1931 verbis,
873 1859 913 1919 ita
924 1856 976 1917 bic

50 1942 79 2001 in
139 1943 183 2001 tis.

90 2020 195 2082 Notari
219 2029 358 2082 merentur
378 2021 440 2082 bac
462 2021 546 2082 verba
568 2023 715 2101 Steycertii
728 2022 756 2080 in
771 2018 926 2101 appendice
939 2019 976 2077 de

52 2100 241 2163 warconio
256 2103 457 2164 Paenitentia:
479 2103 537 2164 buc
549 2106 676 2182 pertinet,
688 2101 763 2181 quod
776 2103 851 2160 circa
862 2101 973 2181 prexim

51 2182 243 2245 confitentium
255 2205 337 2263 saepe,
358 2193 389 2242 et
400 2185 462 2244 sole
473 2186 598 2254 venialia,
608 2204 642 2243 ac
656 2183 727 2264 pene
741 2201 851 2261 semper
864 2179 974 2254 eadem,

50 2264 149 2325 callem
171 2285 316 2346 nunquam
340 2265 397 2324 sint
418 2264 528 2342 ignaris,
553 2284 666 2344 seseque
686 2263 790 2323 absolvi
803 2261 975 2342 putentibus,

50 2364 99 2427 pro
113 2344 247 2406 thesauro
260 2345 402 2415 carbones,
423 2356 455 2405 ut
468 2347 559 2411 aiunt,
577 2365 626 2405 seu
639 2365 689 2426 pro
700 2344 876 2405 absolutione
890 2341 974 2403 verba

49 2429 105 2487 etto
116 2446 168 2507 per
182 2428 392 2487 simulationem
406 2424 588 2486 obtmdcnda.

86 2506 242 2567 Probanda
264 2521 356 2567 tamen
382 2518 435 2580 cst,
454 2509 546 2588 inquit
565 2508 641 2567 idem
654 2508 684 2566 in
713 2508 876 2577 damnatas,
898 2505 974 2566 Con·

50 2586 230 2648 lessariorum
243 2592 338 2669 praxis
351 2591 379 2647 in
394 2607 470 2661 casu,
480 2608 537 2668 quo
545 2588 581 2648 ob
590 2606 688 2648 causes
696 2587 834 2648 absolutio
849 2587 909 2647 deri
917 2607 976 2647 non

49 2678 150 2749 ponet,
173 2669 302 2729 dantium
324 2671 470 2749 poenitcnti
487 2669 722 2742 benedictionem,
736 2689 771 2728 ne
784 2669 974 2747 suspicionem

51 2748 124 2829 apud
138 2751 208 2890 blsbol
217 2752 353 2845 incurrat,
374 2752 415 2809 ite
435 2757 529 2811 temen
543 2758 575 2812 ut
588 2754 647 2830 ipse
660 2752 796 2830 poenitens
811 2749 923 2822 noverit,
944 2767 975 2806 ee

51 2850 103 2891 non
119 2851 139 2890 e
200 2851 236 2890 sr.

86 2994 129 3053 N.
145 2993 196 3053 44.
212 2994 271 3054 DE
292 2993 507 3056 SUBJECTO
529 2991 932 3056 SACRAMENTORUM.

54 3159 75 3221 l.
99 3157 268 3238 Subiectum
283 3168 326 3218 cst
340 3158 423 3218 tono
438 3162 539 3219 victor.
582 3159 622 3217 Il.
645 3159 714 3219 Non
733 3160 824 3217 omnis
837 3161 970 3235 respectu

140 3245 280 3300 omnium.
303 3240 360 3300 Ill.
374 3239 542 3321 Suhjectum
556 3241 674 3318 singuli
689 3239 880 3298 Sacramenti.

87 3400 241 3471 Quisnam
254 3411 298 3461 est
311 3403 551 3463 Sacramentomm
565 3402 740 3481 subjectum?

85 3480 111 3540 Ι.
132 3482 222 3562 Resp.
251 3484 297 3542 De
312 3484 389 3562 Lege
405 3487 459 3544 Dei
473 3484 612 3544 ordinaria
624 3492 665 3540 est
677 3480 750 3540 solus
764 3479 849 3540 bomo
861 3481 966 3542 vietor:

50 3560 130 3642 hujus
155 3567 228 3623 retio
248 3566 352 3643 petitur
375 3573 435 3625 tum
460 3586 499 3624 ex
522 3564 661 3623 voluntate
675 3561 779 3620 Christi
794 3562 969 3632 instituentis,

48 3650 100 3704 tim
114 3644 192 3725 quod
213 3646 396 3706 Sacramenta
408 3650 463 3706 sint
476 3648 602 3705 instituta
613 3643 649 3703 ad
663 3642 783 3703 salutem
798 3641 926 3719 hominis,
941 3651 971 3702 et

47 3724 73 3785 in
84 3725 242 3787 remedium
256 3729 376 3806 peccati.
