2130 3990
85 118 146 178 364
463 134 644 181 rascmnus
758 168 764 191 ,

130 281 188 343 lIl.
211 280 249 340 R.
273 279 439 342 Notandum
457 281 494 340 1⁰·
510 281 586 360 quod
603 283 633 341 in
648 281 741 341 Missa
754 288 923 342 concurrant
934 282 1009 362 plnres

88 365 223 433 actiones,
239 371 272 421 ut
283 383 308 420 r.
323 384 349 441 g.
366 363 487 422 elevatio
501 363 619 435 Hostia,
633 364 696 423 sinc
710 361 1009 443 quaesoentiulitorSa·

89 443 225 504 orificium
247 444 389 517 subsistit3
411 447 544 522 quianon
558 454 599 503 est
617 446 794 503 immutatira
806 442 919 504 Hoste
937 446 1012 525 (quod

88 536 184 585 umen
199 526 343 602 requiritur
356 524 392 583 ad
407 528 553 585 essentiam
567 524 717 602 Sacrifioii)
731 526 786 584 nisi
795 525 933 585 localiter.

128 607 175 664 2⁰·
195 607 306 665 Fraotio
319 606 410 684 panis,
420 626 482 683 quse
490 617 533 665 est
543 606 657 686 quidem
670 608 852 666 immutatira
862 608 1014 686 specierum,

87 687 138 746 sod
153 706 210 746 nou
224 686 353 766 Corporis
367 687 484 760 Christi,
504 708 558 747 nec
571 696 694 746 versatur
707 690 784 746 circa
797 693 951 767 omnaque
962 708 1014 769 spo

88 773 170 839 ciem,
191 773 256 827 cum
277 777 375 828 umen
401 777 517 848 utraque
543 770 650 848 species
676 767 854 848 ingrediatur
878 773 1015 830 mum

87 849 234 908 sacrificii.
990 890 993 895 -

130 928 183 989 IV.
203 930 247 989 3⁰·
271 928 443 989 Communio
467 930 627 991 Sacerdotis
644 951 700 990 non
722 936 765 991 est
785 947 857 1011 pars
875 932 1018 990 essentialis

90 1009 245 1070 Sacrificii:
268 1013 339 1070 ratio
353 1019 404 1085 est,
424 1013 492 1091 quia
505 1014 536 1070 S.
550 1012 610 1071 Th.
620 1010 649 1069 3.
664 1020 754 1091 parte,
767 1032 796 1092 q.
811 1010 868 1073 79.
886 1020 938 1071 art
950 1012 979 1071 5.
994 1015 1030 1071 iu·

95 1092 183 1170 Corp.
199 1091 287 1151 dicit:
302 1096 322 1127 “
335 1091 401 1151 Hoc
410 1097 639 1152 Sacramentum.
651 1096 804 1152 mationem
812 1089 965 1174 §sacrificii
977 1090 1019 1152 ha·

90 1171 147 1242 bet,
168 1174 331 1250 inquantum
346 1174 481 1233 offertur:
501 1177 639 1234 radonem
665 1182 759 1234 autem
774 1174 968 1243 Sacramonti,
984 1175 1020 1233 iu·

91 1255 231 1331 quantiam
253 1253 398 1314 sumitur.'’

131 1339 174 1393 4⁰·
196 1337 327 1416 Sumptio
340 1344 383 1395 est
395 1336 570 1416 participatio
592 1335 697 1395 fruetis
719 1334 883 1403 Sacrificii;
904 1332 1022 1415 &mque

90 1420 279 1496 prasupponit
291 1419 434 1476 victimam
449 1424 600 1476 mactatam
614 1437 665 1496 per
679 1416 943 1476 Consecratiouem.

132 1498 175 1554 50·
198 1497 271 1557 Fide
295 1507 401 1557 certunm
416 1507 466 1569 est,
488 1498 629 1557 Christum
651 1501 680 1557 in
693 1497 795 1556 ultima
807 1496 907 1557 Coena
925 1496 1020 1557 nott·

91 1598 170 1637 casse
178 1602 185 1650 ;
207 1585 344 1638 ettamen
359 1579 426 1638 fidei
439 1599 493 1637 nou
509 1579 700 1638 estChristum
710 1578 924 1638 Eucharistiam
934 1596 1020 1657 sump

92 1662 159 1717 sisse
167 1681 174 1729 ;
197 1660 271 1736 quod
284 1670 381 1720 tamen
396 1659 432 1719 da
441 1659 498 1718 fide
511 1659 626 1719 deberet
639 1680 707 1728 esse,
723 1663 747 1718 si
761 1664 944 1740 consumptio
952 1659 1021 1719 llos·

92 1743 139 1798 tie
153 1760 201 1818 per
212 1741 395 1800 Sacerdotem
408 1740 479 1800 foret
488 1739 525 1799 ds
534 1740 655 1801 essentia
668 1740 814 1800 Sacrificii.
980 1809 985 1820 .

135 1819 172 1879 V.
194 1821 311 1880 Interim
323 1831 420 1882 tamen
439 1821 607 1900 probabilius
629 1831 681 1892 est,
702 1821 850 1881 Christum
878 1824 908 1881 iu
928 1818 1018 1881 ultima
1055 1842 1061 1862 ³

93 1902 186 1961 Coeua
198 1905 349 1982 sumpsisse
373 1904 482 1982 Corpus
495 1911 523 1961 ot
535 1904 707 1982 Sanguinem
721 1922 824 1962 suum:
844 1906 915 1982 quia
935 1900 1016 1961 Chris·
1058 1921 1065 1939 ⁵

92 1994 139 2042 tus
154 1985 240 2042 Lucae
256 2004 318 2063 cap.
331 1985 383 2044 22.
398 2006 423 2043 u.
439 1983 483 2042 15.
496 1983 582 2042 dicti:
604 1983 761 2043 Desiderio
783 1985 954 2043 demanant
971 1983 1016 2043 hor
1049 2003 1065 2018 ‘⁴

92 2065 399 2124 Posohumanducore
407 2064 561 2134 uobiscum,
570 2071 726 2144 antequam
732 2069 858 2143 potiar:
873 2085 936 2144 quse
944 2066 1014 2123 vorhr

93 2146 247 2205 secuudum
276 2147 491 2216 'l'ertullianum
514 2146 747 2223 Chrysostomum
765 2146 901 2206 Humilia
928 2144 976 2205 83.
992 2149 1012 2205 iu
1059 2163 1065 2200 τ

91 2227 274 2300 Matthaeum,
295 2237 325 2286 et
338 2231 368 2286 S.
383 2229 491 2286 Thum.
516 2227 546 2284 3.
560 2238 648 2306 parte,
671 2237 768 2305 quaest.
782 2229 834 2286 81.
850 2249 879 2286 a.
896 2228 925 2287 l.
945 2226 1011 2286 add.
1055 2241 1059 2260 ⁴

90 2308 283 2384 intelliguntur
296 2307 331 2366 de
345 2329 416 2368 novo
431 2309 578 2378 Paschate,
593 2307 669 2388 quod
682 2313 709 2366 in
719 2308 909 2386 ¹Sacramenta
922 2306 1011 2387 Carpo
1051 2321 1065 2342 Η

94 2390 132 2444 ris
147 2399 176 2445 et
194 2391 346 2467 Sanguinis
368 2391 411 2447 sui
435 2392 607 2449 instituturus
631 2398 703 2448 orat:
726 2389 828 2448 deiude
846 2393 870 2446 si
885 2391 947 2469 ipse
969 2410 1012 2448 non
1051 2409 1065 2424 ¹

95 2471 261 2547 sumpsisset
283 2470 392 2550 Corpus
406 2483 436 2528 et
458 2471 632 2549 Sanguinem
660 2490 753 2543 suum,
773 2470 931 2550 perieulum
957 2479 1011 2537 erat
1056 2483 1065 2502 “

93 2569 131 2607 ne
149 2551 283 2629 lliseipuli
296 2552 560 2624 scandalizarentur,
575 2555 649 2611 sicut
661 2551 1013 2630 Caphamaitardoauoap.
1064 2577 1065 2580 ¹

93 2629 122 2688 o.
137 2632 178 2690 ita
193 2632 418 2710 Chrysostomus.

136 2712 189 2770 VI.
217 2715 302 2771 Perrh
312 2714 472 2772 Sacerdotis
487 2714 657 2772 Communio
671 2721 715 2773 est
727 2733 792 2793 pars
811 2713 955 2790 integralis
972 2711 1015 2772 Sa·

94 2793 205 2863 orificii3
231 2796 300 2873 quia
315 2796 492 2854 Eucharistia
505 2816 560 2853 non
581 2792 688 2853 tantiam
711 2804 753 2852 est
766 2797 953 2868 Sacrificium,
975 2793 1015 2853 sed
1064 2807 1065 2812 ’

94 2878 179 2932 etiam
196 2876 428 2944 Sacramentum
444 2888 472 2935 et
485 2885 598 2936 eatenus
611 2874 697 2934 habet
710 2878 846 2934 rationem
861 2876 918 2934 cibi
936 2882 964 2934 et
976 2895 1016 2954 po·

91 2955 157 3013 tris:
180 2976 246 3035 argo
271 2956 350 3015 ducit
360 2957 487 3016 ordinem
502 2957 535 3015 ad
550 2961 738 3034 sumptionem
753 2969 886 3036 tanquam
903 2955 941 3015 ad
968 2976 1016 3034 poe

93 3048 150 3094 tem
165 3037 353 3116 integralem:
374 3039 475 3097 etheo
499 3046 541 3097 est
561 3041 638 3110 ratio,
659 3046 800 3096 curtante
823 3040 861 3096 sit
888 3036 1016 3097 Ecclesia

94 3118 242 3176 solicitudo
271 3120 409 3196 quivult,
431 3129 471 3192 ut,
492 3122 515 3178 si
535 3119 673 3178 Sacerdos
693 3119 841 3177 subitaneo
855 3118 954 3177 morbo
976 3138 1017 3195 op·

94 3218 207 3275 pressus
221 3207 369 3278 utramque
392 3204 515 3279 speciem
539 3219 649 3258 sumere
672 3221 726 3259 non
742 3209 842 3279 posset,
865 3200 937 3258 alius
963 3199 1017 3257 suh

93 3282 226 3338 stituatur
239 3279 386 3349 Sacerdos,
406 3285 492 3341 etism
516 3302 573 3340 uon
596 3280 721 3361 jejunus,
743 3284 767 3340 si
789 3279 1019 3356 attendensque

92 3369 218 3438 utramqe
230 3364 352 3439 speciem
365 3372 467 3434 sumat,
488 3372 528 3435 ut,
542 3366 631 3440 inquit
650 3367 770 3420 Sanctus
782 3362 926 3428 Thomas,
946 3361 1017 3438 perli-

93 3446 181 3507 cietur,
193 3444 416 3521 Sacramentum.
460 3443 509 3502 Ex
525 3464 580 3525 quo
605 3447 683 3524 sequi
705 3444 823 3517 ridetur,
845 3444 1018 3507 Communiu-
