2130 3990
357 209 401 252 nr
414 210 591 254 meminero
605 209 710 254 insu
932 190 996 253 tou

95 356 294 430 Quandonanr
308 355 395 415 onix
408 358 513 414 amittit
523 374 604 414 suam
618 352 887 415 consecrationem?

54 482 57 489 .
102 440 161 500 tlt.
184 440 222 498 tt„
242 437 369 507 Quando
380 441 423 495 ita
433 437 577 514 frangitur,
590 446 624 494 ut
639 457 693 494 non
708 446 852 495 remaneat
863 442 945 513 aptus
958 435 997 495 ud

50 523 277 580 eonveniootam
306 537 384 575 usum
410 537 528 587 sermm,
548 537 574 572 r.
601 537 629 594 g.
643 520 667 574 si
693 537 787 595 cuppa
811 526 954 593 separetur
976 520 996 575 ti

56 602 133 678 pede
150 604 217 676 tnisi
231 621 279 678 pes
291 598 364 657 foret
375 597 525 672 tornatilis)
540 605 588 655 aut
600 604 629 654 in
651 596 738 655 fundo
749 597 852 655 Calicis
864 594 992 655 foramen

52 683 121 754 fiat,
142 691 192 740 aut
212 679 295 737 Calix
317 680 400 738 aliter
421 681 570 736 enormiter
592 677 749 755 lmngatur;
771 697 827 735 nou
855 678 994 736 amittitur

48 759 254 829 ¹consecratio,
275 761 328 819 etsi
340 759 487 840 paululum
500 757 613 815 decidat
627 757 731 816 Calicis
744 757 905 826 deaurati03
917 774 993 816 oom-

51 847 175 901 munior
187 853 283 900 tamon
298 849 342 898 est
360 842 507 908 sententia,
529 840 655 896 Calicem
679 858 751 896 nora
770 837 891 914 indigere
916 837 993 898 Con·

49 926 226 992 secretione,
246 923 270 979 si
283 923 388 980 noviter
399 920 548 979 deauretur
558 923 672 977 interior
688 937 788 998 cuppa
801 917 972 997 superficies.

103 1004 228 1069 Morem,
243 1021 298 1078 quo
311 1002 550 1081 praebeturpueris
562 1001 629 1057 bissi
642 1001 762 1077 quadam
778 1000 845 1077 ipsis
858 1000 991 1079 peculiari

48 1092 90 1142 et
98 1085 362 1142 incommodissime
372 1081 561 1140 laborantibus
573 1086 669 1138 riuum
683 1083 701 1140 ὸ
716 1082 813 1139 Colice
825 1088 934 1139 sacruto
948 1079 992 1138 bi·

50 1163 185 1222 bendum
199 1183 250 1242 pro
276 1163 412 1235 remedio,
432 1162 516 1221 nullis
528 1162 731 1240 superstitionis
744 1172 795 1220 aut
807 1160 921 1221 duria
934 1162 993 1221 vitii

48 1244 260 1315 musandum,
280 1243 349 1302 dicit
360 1245 480 1321 Steyart

100 1325 191 1384 Estne
204 1325 309 1384 licitum
324 1321 476 1400 aliquando
489 1323 626 1382 celebrare
635 1323 696 1382 sini
708 1323 832 1382 vestibus
843 1322 951 1382 sacris?

99 1406 156 1468 IV.
180 1405 219 1464 R.
234 1404 303 1463 Sine
316 1404 437 1462 vestibus
458 1405 542 1462 sacris
554 1404 756 1484 principalibus
782 1424 806 1461 r.
828 1422 856 1482 g.
868 1402 934 1462 elbri
948 1403 991 1462 rel

49 1488 139 1557 stolb,
156 1486 307 1544 Celabruns
320 1487 439 1563 graviter
451 1494 560 1562 peccat,
575 1488 659 1543 etiam
672 1487 701 1542 io
715 1504 781 1544 casu
795 1486 884 1563 gravia
893 1502 991 1543 necet·

50 1571 159 1639 sitatis,
179 1586 203 1624 v.
219 1586 245 1645 g.
267 1575 301 1624 ut
312 1566 438 1624 infirmus
454 1565 595 1623 viaticum
609 1566 745 1644 recipiat:
765 1569 806 1625 ita
833 1566 992 1624 communi·

51 1658 100 1707 ter
114 1647 276 1706 Authores:
291 1650 318 1704 iu
329 1649 406 1724 gravi
418 1647 512 1721 aliqua
524 1650 688 1704 necessitate
700 1647 761 1705 siue
774 1647 871 1726 aliqua
884 1666 921 1705 ex
936 1649 990 1705 mi·

50 1731 172 1787 nuribus
185 1727 305 1786 vestibus
327 1727 505 1787 celebrator.
521 1746 548 1805 g.
562 1730 706 1807 manipulo
718 1738 771 1787 aut
783 1728 904 1807 cingulo,
924 1726 988 1807 plu·

51 1809 133 1869 ribus
147 1809 254 1868 ridetur
264 1805 380 1868 licitum.

99 1893 179 1949 Dum
193 1889 332 1948 Sacerdos
344 1908 374 1945 so
386 1891 468 1948 sacru
481 1888 600 1948 vestibus
613 1886 714 1960 induit,
734 1907 829 1968 preces
842 1908 891 1970 per
903 1886 989 1948 rubri·

54 1991 105 2031 aaa
120 1973 290 2050 praescriptas
302 1970 417 2027 recitare
444 1970 537 2038 debet,
560 1989 616 2026 nun
637 1979 731 2027 tamen
746 1970 797 2028 sub
821 1970 937 2041 mortali,
960 1977 991 2033 ut

52 2052 114 2113 rult
129 2053 159 2110 N
162 2072 253 2125 eesen,
273 2051 319 2108 cui
334 2051 432 2108 merito
445 2049 609 2110 contradicit
624 2049 764 2109 Pauwela.

95 2134 242 2192 Amittunt
253 2142 342 2189 vestes
352 2150 435 2190 sacra
448 2151 527 2189 stram
538 2129 769 2204 benedictionem,
783 2138 845 2191 crim
857 2131 988 2206 formam,

55 2214 112 2274 sub
127 2234 181 2292 qua
195 2212 346 2271 benedictae
358 2222 430 2282 suut,
446 2233 501 2271 non
517 2213 779 2290 amplidsretiueut,
793 2216 832 2272 itu
845 2212 921 2272 utud
931 2212 990 2272 Mi·

53 2289 161 2355 nisterii
170 2294 324 2353 functiones
333 2293 394 2372 jam
406 2296 508 2372 ineptae
523 2297 595 2353 sint:
610 2301 638 2348 et
651 2296 691 2351 itu
701 2294 803 2352 desinit
821 2293 891 2353 alba
902 2294 988 2353 bene·

56 2378 155 2447 dictio,
174 2377 199 2432 si
213 2396 249 2433 cx
263 2396 298 2433 ea
311 2375 530 2433 detrabaturseu
545 2381 690 2453 separetur
701 2378 829 2445 manica;
850 2379 929 2435 secde
946 2383 990 2435 tu·

55 2477 131 2525 men,
146 2461 169 2514 si
185 2459 295 2515 manica
307 2475 372 2514 cum
385 2455 513 2513 funiculis
530 2454 665 2534 jungatur
679 2459 803 2535 corpori:
825 2459 925 2536 pariter
938 2454 988 2515 de·

58 2541 128 2598 riuit
152 2538 309 2595 benedictio
332 2537 447 2614 cinguli,
469 2538 492 2593 si
507 2539 547 2594 ita
562 2545 715 2612 rumpatur,
733 2548 765 2595 ut
791 2544 892 2596 neutro
917 2556 988 2617 part,

55 2639 120 2700 quae
135 2628 267 2687 remanet,
283 2617 319 2675 ad
333 2619 499 2694 cingendum
523 2617 625 2675 idonea
638 2619 689 2690 sit;
712 2637 790 2676 secus
804 2621 826 2676 si
841 2637 904 2698 pare
918 2618 987 2678 ulte·

55 2720 88 2758 ra
100 2698 225 2758 sufficiat
237 2699 274 2756 ad
288 2698 465 2776 cingendum,
489 2706 518 2756 et
531 2708 605 2767 tuuc,
619 2698 712 2777 inquit
728 2699 827 2768 Callet,
856 2719 904 2779 pro
925 2718 987 2759 me·

52 2782 109 2860 jori
124 2779 327 2838 commoditate
340 2782 439 2857 poterit
450 2781 475 2836 ei
489 2781 616 2838 connecti
626 2798 691 2858 pars
705 2780 808 2840 altera:
822 2800 873 2840 uec
883 2778 988 2843 suffieit

55 2870 144 2919 restes
157 2859 249 2919 taliter
261 2859 373 2925 fractas,
388 2871 418 2916 ut
431 2863 449 2917 a
464 2859 658 2918 benedictione
670 2862 836 2936 exciderint,
851 2880 987 2942 reparare,

53 2943 105 3001 red
120 2950 253 3020 reparatae
268 2941 392 3016 indigent
405 2958 476 2998 nova
486 2941 687 3000 bencdictione.

97 3022 203 3082 Vestes
216 3040 300 3079 sacrae
313 3024 353 3079 ita
367 3020 510 3094 detracta,
531 3034 561 3080 ut
573 3043 625 3081 suo
637 3026 698 3081 usui
723 3044 776 3082 uon
791 3025 899 3102 possint
924 3044 985 3085 am·

53 3090 128 3182 plicis
144 3104 288 3174 deservire,
298 3102 451 3160 secundam
468 3103 595 3162 Canunes
610 3125 665 3162 non
679 3116 746 3164 sunt
759 3104 851 3163 usibus
865 3104 987 3184 prolenis

52 3182 240 3265 applicanda,
256 3182 306 3241 sed
320 3194 368 3243 aut
380 3202 418 3240 ex
432 3186 471 3241 eis
485 3184 546 3241 alta
561 3185 751 3254 conficienda,
772 3206 832 3263 qua
849 3185 985 3247 Ecclesia

53 3265 215 3337 deserviunt
241 3264 352 3333 usibus;
387 3274 436 3322 aut
457 3265 649 3325 comburenda
663 3275 737 3335 suut,
758 3276 789 3326 et
816 3269 921 3325 cineres
944 3286 985 3326 re·

52 3345 179 3427 ponendi
190 3348 218 3403 iu
233 3349 361 3420 sacrario,
381 3356 429 3404 aut
442 3349 468 3404 in
481 3350 586 3425 pariete
600 3358 649 3407 aut
662 3347 739 3408 fossis
754 3350 984 3429 pavimentorum,

50 3447 89 3486 ue
104 3429 307 3488 introeuntium
321 3425 437 3506 pedibus
450 3429 656 3563 cpncplceutur.

463 3548 480 3566 .
492 3524 509 3566 u
