<?xml version="1.0" encoding="UTF-8"?>
<!DOCTYPE html PUBLIC "-//W3C//DTD XHTML 1.0 Transitional//EN"
    "http://www.w3.org/TR/xhtml1/DTD/xhtml1-transitional.dtd">
<html xmlns="http://www.w3.org/1999/xhtml" xml:lang="en" lang="en">
 <head>
  <title>
</title>
<meta http-equiv="Content-Type" content="text/html;charset=utf-8" />
  <meta name='ocr-system' content='tesseract 3.04.00' />
  <meta name='ocr-capabilities' content='ocr_page ocr_carea ocr_par ocr_line ocrx_word'/>
</head>
<body>
  <div class='ocr_page' id='page_1' title='image "./theologiamorali02densgoog_0320.png"; bbox 0 0 2130 3990; ppageno 0'>
   <div class='ocr_carea' id='block_1_1' title="bbox 390 204 992 269">
    <p class='ocr_par' dir='ltr' id='par_1_1' title="bbox 390 204 992 269">
     <span class='ocr_line' id='line_1_1' title="bbox 390 204 992 269; baseline -0.003 -2"><span class='ocrx_word' id='word_1_1' title='bbox 390 227 430 268; x_wconf 85' lang='lat' dir='ltr'>aa</span> <span class='ocrx_word' id='word_1_2' title='bbox 452 225 667 269; x_wconf 78' lang='lat' dir='ltr'>aucasarsrrn.</span> <span class='ocrx_word' id='word_1_3' title='bbox 932 204 992 266; x_wconf 73' lang='grc'>818</span> 
     </span>
    </p>
   </div>
   <div class='ocr_carea' id='block_1_2' title="bbox 48 371 990 3612">
    <p class='ocr_par' dir='ltr' id='par_1_2' title="bbox 55 371 990 772">
     <span class='ocr_line' id='line_1_2' title="bbox 55 371 989 452; baseline -0.002 -21"><span class='ocrx_word' id='word_1_4' title='bbox 55 373 205 452; x_wconf 82' lang='lat' dir='ltr'>publicum</span> <span class='ocrx_word' id='word_1_5' title='bbox 227 395 265 434; x_wconf 85' lang='lat' dir='ltr'>ex</span> <span class='ocrx_word' id='word_1_6' title='bbox 279 375 445 432; x_wconf 78' lang='lat' dir='ltr'>enormitate</span> <span class='ocrx_word' id='word_1_7' title='bbox 459 381 488 429; x_wconf 82' lang='lat' dir='ltr'>et</span> <span class='ocrx_word' id='word_1_8' title='bbox 502 371 617 430; x_wconf 90' lang='lat' dir='ltr'>inlamia</span> <span class='ocrx_word' id='word_1_9' title='bbox 629 371 777 428; x_wconf 89' lang='lat' dir='ltr'>eriminum</span> <span class='ocrx_word' id='word_1_10' title='bbox 791 375 918 429; x_wconf 79' lang='lat' dir='ltr'>secutum</span> <span class='ocrx_word' id='word_1_11' title='bbox 932 390 989 429; x_wconf 86' lang='lat' dir='ltr'>non</span> 
     </span>
     <span class='ocr_line' id='line_1_3' title="bbox 56 449 989 534; baseline -0.005 -21"><span class='ocrx_word' id='word_1_12' title='bbox 56 457 249 534; x_wconf 75' lang='lat' dir='ltr'>reparaverint</span> <span class='ocrx_word' id='word_1_13' title='bbox 271 476 318 533; x_wconf 76' lang='lat' dir='ltr'>per</span> <span class='ocrx_word' id='word_1_14' title='bbox 342 459 403 513; x_wconf 82' lang='lat' dir='ltr'>vita</span> <span class='ocrx_word' id='word_1_15' title='bbox 417 453 640 513; x_wconf 75' lang='lat' dir='ltr'><strong>emendationem</strong></span> <span class='ocrx_word' id='word_1_16' title='bbox 654 470 660 506; x_wconf 91' lang='lat'>:</span> <span class='ocrx_word' id='word_1_17' title='bbox 681 452 725 510; x_wconf 89' lang='lat' dir='ltr'>his</span> <span class='ocrx_word' id='word_1_18' title='bbox 739 449 891 532; x_wconf 82' lang='lat' dir='ltr'>denegatur</span> <span class='ocrx_word' id='word_1_19' title='bbox 905 450 989 517; x_wconf 85' lang='lat' dir='ltr'>Com·</span> 
     </span>
     <span class='ocr_line' id='line_1_4' title="bbox 57 535 990 610; baseline -0.004 -17"><span class='ocrx_word' id='word_1_20' title='bbox 57 539 159 594; x_wconf 87' lang='lat' dir='ltr'>munio</span> <span class='ocrx_word' id='word_1_21' title='bbox 174 557 229 595; x_wconf 87' lang='lat' dir='ltr'>non</span> <span class='ocrx_word' id='word_1_22' title='bbox 245 537 317 596; x_wconf 87' lang='lat' dir='ltr'>adeo</span> <span class='ocrx_word' id='word_1_23' title='bbox 330 536 366 593; x_wconf 94' lang='lat' dir='ltr'>ob</span> <span class='ocrx_word' id='word_1_24' title='bbox 381 545 482 593; x_wconf 84' lang='lat' dir='ltr'>statum</span> <span class='ocrx_word' id='word_1_25' title='bbox 498 539 607 599; x_wconf 80' lang='lat' dir='ltr'>anima,</span> <span class='ocrx_word' id='word_1_26' title='bbox 628 535 675 610; x_wconf 92' lang='lat' dir='ltr'>qui</span> <span class='ocrx_word' id='word_1_27' title='bbox 689 535 916 610; x_wconf 87' lang='lat' dir='ltr'>supponiturnon</span> <span class='ocrx_word' id='word_1_28' title='bbox 930 552 990 590; x_wconf 83' lang='lat' dir='ltr'>ease</span> 
     </span>
     <span class='ocr_line' id='line_1_5' title="bbox 59 617 988 696; baseline -0.002 -22"><span class='ocrx_word' id='word_1_29' title='bbox 59 618 162 686; x_wconf 79' lang='lat' dir='ltr'>malua,</span> <span class='ocrx_word' id='word_1_30' title='bbox 185 621 270 696; x_wconf 76' lang='lat' dir='ltr'>quam</span> <span class='ocrx_word' id='word_1_31' title='bbox 298 617 332 674; x_wconf 91' lang='lat' dir='ltr'>ob</span> <span class='ocrx_word' id='word_1_32' title='bbox 354 617 540 674; x_wconf 79' lang='lat' dir='ltr'>indecentiam</span> <span class='ocrx_word' id='word_1_33' title='bbox 564 623 652 671; x_wconf 90' lang='lat' dir='ltr'>ortam</span> <span class='ocrx_word' id='word_1_34' title='bbox 668 634 704 671; x_wconf 85' lang='lat' dir='ltr'>ex</span> <span class='ocrx_word' id='word_1_35' title='bbox 718 623 895 691; x_wconf 87' lang='lat' dir='ltr'>pcccatorum</span> <span class='ocrx_word' id='word_1_36' title='bbox 910 632 988 672; x_wconf 89' lang='lat' dir='ltr'>error·</span> 
     </span>
     <span class='ocr_line' id='line_1_6' title="bbox 63 694 871 772; baseline -0.007 -16"><span class='ocrx_word' id='word_1_37' title='bbox 63 699 178 772; x_wconf 84' lang='lat' dir='ltr'>mitate,</span> <span class='ocrx_word' id='word_1_38' title='bbox 200 708 227 758; x_wconf 91' lang='lat' dir='ltr'>et</span> <span class='ocrx_word' id='word_1_39' title='bbox 242 699 362 756; x_wconf 82' lang='lat' dir='ltr'>nonduin</span> <span class='ocrx_word' id='word_1_40' title='bbox 379 717 414 755; x_wconf 88' lang='lat' dir='ltr'>ex</span> <span class='ocrx_word' id='word_1_41' title='bbox 429 699 530 754; x_wconf 88' lang='lat' dir='ltr'>animis</span> <span class='ocrx_word' id='word_1_42' title='bbox 553 694 695 753; x_wconf 89' lang='lat' dir='ltr'>hominum</span> <span class='ocrx_word' id='word_1_43' title='bbox 710 694 871 753; x_wconf 78' lang='lat' dir='ltr'>abstersam.</span> 
     </span>
    </p>

    <p class='ocr_par' dir='ltr' id='par_1_3' title="bbox 61 770 988 1343">
     <span class='ocr_line' id='line_1_7' title="bbox 98 770 986 857; baseline 0.001 -23"><span class='ocrx_word' id='word_1_44' title='bbox 98 777 158 836; x_wconf 85' lang='lat' dir='ltr'>Ill.</span> <span class='ocrx_word' id='word_1_45' title='bbox 182 780 324 840; x_wconf 84' lang='lat' dir='ltr'>Quocirca</span> <span class='ocrx_word' id='word_1_46' title='bbox 350 782 390 837; x_wconf 90' lang='lat' dir='ltr'>ita</span> <span class='ocrx_word' id='word_1_47' title='bbox 414 776 570 857; x_wconf 86' lang='lat' dir='ltr'>praescribit</span> <span class='ocrx_word' id='word_1_48' title='bbox 597 770 744 834; x_wconf 63' lang='lat' dir='ltr'>Pastorale‘</span> <span class='ocrx_word' id='word_1_49' title='bbox 764 775 986 835; x_wconf 84' lang='lat' dir='ltr'>Mecbliniense:</span> 
     </span>
     <span class='ocr_line' id='line_1_8' title="bbox 61 855 988 938; baseline 0 -21"><span class='ocrx_word' id='word_1_50' title='bbox 61 860 138 918; x_wconf 84' lang='lat' dir='ltr'>“Ad</span> <span class='ocrx_word' id='word_1_51' title='bbox 150 862 291 938; x_wconf 88' lang='lat' dir='ltr'>publicam</span> <span class='ocrx_word' id='word_1_52' title='bbox 306 860 538 917; x_wconf 68' lang='lat' dir='ltr'>communionem</span> <span class='ocrx_word' id='word_1_53' title='bbox 551 878 606 916; x_wconf 91' lang='lat' dir='ltr'>non</span> <span class='ocrx_word' id='word_1_54' title='bbox 618 856 800 915; x_wconf 85' lang='lat' dir='ltr'>admittantur</span> <span class='ocrx_word' id='word_1_55' title='bbox 809 855 912 931; x_wconf 80' lang='lat' dir='ltr'>publici</span> <span class='ocrx_word' id='word_1_56' title='bbox 923 878 988 936; x_wconf 88' lang='lat' dir='ltr'>pec·</span> 
     </span>
     <span class='ocr_line' id='line_1_9' title="bbox 61 937 988 1021; baseline -0.003 -22"><span class='ocrx_word' id='word_1_57' title='bbox 61 952 182 1008; x_wconf 80' lang='lat' dir='ltr'>caturae,</span> <span class='ocrx_word' id='word_1_58' title='bbox 212 941 308 1021; x_wconf 86' lang='lat' dir='ltr'>quales</span> <span class='ocrx_word' id='word_1_59' title='bbox 335 950 402 998; x_wconf 88' lang='lat' dir='ltr'>sunt</span> <span class='ocrx_word' id='word_1_60' title='bbox 430 940 558 1010; x_wconf 88' lang='lat' dir='ltr'>usurarii,</span> <span class='ocrx_word' id='word_1_61' title='bbox 590 941 753 1006; x_wconf 86' lang='lat' dir='ltr'>meretrices,</span> <span class='ocrx_word' id='word_1_62' title='bbox 786 937 988 1013; x_wconf 87' lang='lat' dir='ltr'>concubinarii,</span> 
     </span>
     <span class='ocr_line' id='line_1_10' title="bbox 62 1018 988 1100; baseline 0.002 -23"><span class='ocrx_word' id='word_1_63' title='bbox 62 1021 193 1100; x_wconf 72' lang='lat' dir='ltr'>sortilogi,</span> <span class='ocrx_word' id='word_1_64' title='bbox 215 1023 461 1091; x_wconf 82' lang='lat' dir='ltr'>excommunicati,</span> <span class='ocrx_word' id='word_1_65' title='bbox 481 1018 629 1091; x_wconf 86' lang='lat' dir='ltr'>interdicti,</span> <span class='ocrx_word' id='word_1_66' title='bbox 650 1020 752 1096; x_wconf 90' lang='lat' dir='ltr'>aliique</span> <span class='ocrx_word' id='word_1_67' title='bbox 777 1020 857 1077; x_wconf 89' lang='lat' dir='ltr'>istius</span> <span class='ocrx_word' id='word_1_68' title='bbox 881 1023 988 1095; x_wconf 72' lang='lat' dir='ltr'>generis</span> 
     </span>
     <span class='ocr_line' id='line_1_11' title="bbox 62 1099 984 1178; baseline 0.001 -20"><span class='ocrx_word' id='word_1_69' title='bbox 62 1102 174 1178; x_wconf 77' lang='lat' dir='ltr'>publice</span> <span class='ocrx_word' id='word_1_70' title='bbox 197 1103 325 1174; x_wconf 77' lang='lat' dir='ltr'>infameS,</span> <span class='ocrx_word' id='word_1_71' title='bbox 346 1103 455 1160; x_wconf 89' lang='lat' dir='ltr'>etiamsi</span> <span class='ocrx_word' id='word_1_72' title='bbox 482 1100 585 1160; x_wconf 90' lang='lat' dir='ltr'>fuerint</span> <span class='ocrx_word' id='word_1_73' title='bbox 597 1100 835 1158; x_wconf 83' lang='lat' dir='ltr'>sacramentaliter</span> <span class='ocrx_word' id='word_1_74' title='bbox 847 1099 984 1170; x_wconf 84' lang='lat' dir='ltr'>confessi;</span> 
     </span>
     <span class='ocr_line' id='line_1_12' title="bbox 62 1182 985 1262; baseline -0.002 -21"><span class='ocrx_word' id='word_1_75' title='bbox 62 1186 108 1241; x_wconf 83' lang='lat' dir='ltr'>uisi</span> <span class='ocrx_word' id='word_1_76' title='bbox 125 1184 162 1242; x_wconf 89' lang='lat' dir='ltr'>de</span> <span class='ocrx_word' id='word_1_77' title='bbox 176 1204 271 1242; x_wconf 87' lang='lat' dir='ltr'>eurum</span> <span class='ocrx_word' id='word_1_78' title='bbox 295 1185 460 1262; x_wconf 86' lang='lat' dir='ltr'>poenitentia</span> <span class='ocrx_word' id='word_1_79' title='bbox 479 1193 510 1240; x_wconf 90' lang='lat' dir='ltr'>et</span> <span class='ocrx_word' id='word_1_80' title='bbox 522 1182 719 1239; x_wconf 85' lang='lat' dir='ltr'>emendatione</span> <span class='ocrx_word' id='word_1_81' title='bbox 735 1189 851 1249; x_wconf 88' lang='lat' dir='ltr'>constet,</span> <span class='ocrx_word' id='word_1_82' title='bbox 873 1191 902 1238; x_wconf 90' lang='lat' dir='ltr'>et</span> <span class='ocrx_word' id='word_1_83' title='bbox 914 1183 985 1261; x_wconf 81' lang='lat' dir='ltr'>pub-</span> 
     </span>
     <span class='ocr_line' id='line_1_13' title="bbox 61 1262 984 1343; baseline -0.004 -23"><span class='ocrx_word' id='word_1_84' title='bbox 61 1262 111 1323; x_wconf 86' lang='lat' dir='ltr'>lico</span> <span class='ocrx_word' id='word_1_85' title='bbox 126 1265 261 1323; x_wconf 86' lang='lat' dir='ltr'>scandalo</span> <span class='ocrx_word' id='word_1_86' title='bbox 275 1262 570 1343; x_wconf 83' lang='lat' dir='ltr'>priirssatisfecerint.&#39;&#39;</span> <span class='ocrx_word' id='word_1_87' title='bbox 980 1328 984 1334; x_wconf 20' lang='grc' dir='ltr'><strong><em>ι</em></strong></span> 
     </span>
    </p>

    <p class='ocr_par' dir='ltr' id='par_1_4' title="bbox 51 1342 985 1746">
     <span class='ocr_line' id='line_1_14' title="bbox 98 1342 985 1425; baseline 0 -21"><span class='ocrx_word' id='word_1_88' title='bbox 98 1346 189 1418; x_wconf 87' lang='lat' dir='ltr'>Nota,</span> <span class='ocrx_word' id='word_1_89' title='bbox 202 1347 277 1425; x_wconf 81' lang='lat' dir='ltr'>quod</span> <span class='ocrx_word' id='word_1_90' title='bbox 296 1345 438 1403; x_wconf 85' lang='lat' dir='ltr'>Pastorala</span> <span class='ocrx_word' id='word_1_91' title='bbox 458 1345 550 1402; x_wconf 92' lang='lat' dir='ltr'>dicat:</span> <span class='ocrx_word' id='word_1_92' title='bbox 574 1342 777 1420; x_wconf 82' lang='lat' dir='ltr'>Adprrblicom</span> <span class='ocrx_word' id='word_1_93' title='bbox 800 1344 985 1404; x_wconf 79' lang='lat' dir='ltr'>Communia·</span> 
     </span>
     <span class='ocr_line' id='line_1_15' title="bbox 59 1425 984 1504; baseline -0.002 -19"><span class='ocrx_word' id='word_1_94' title='bbox 59 1446 119 1485; x_wconf 75' lang='lat' dir='ltr'>uena</span> <span class='ocrx_word' id='word_1_95' title='bbox 133 1451 139 1498; x_wconf 93' lang='grc'><strong>;</strong></span> <span class='ocrx_word' id='word_1_96' title='bbox 156 1429 224 1504; x_wconf 90' lang='lat' dir='ltr'>quia</span> <span class='ocrx_word' id='word_1_97' title='bbox 237 1438 266 1486; x_wconf 88' lang='lat' dir='ltr'>ut</span> <span class='ocrx_word' id='word_1_98' title='bbox 280 1427 411 1504; x_wconf 77' lang='lat' dir='ltr'>expresse</span> <span class='ocrx_word' id='word_1_99' title='bbox 420 1425 499 1484; x_wconf 88' lang='lat' dir='ltr'>addit</span> <span class='ocrx_word' id='word_1_100' title='bbox 513 1425 655 1482; x_wconf 88' lang='lat' dir='ltr'>Pastorale</span> <span class='ocrx_word' id='word_1_101' title='bbox 667 1425 866 1483; x_wconf 78' lang='lat' dir='ltr'>Cameracense</span> <span class='ocrx_word' id='word_1_102' title='bbox 876 1427 984 1483; x_wconf 78' lang='lat' dir='ltr'>occulta</span> 
     </span>
     <span class='ocr_line' id='line_1_16' title="bbox 58 1505 984 1587; baseline 0 -23"><span class='ocrx_word' id='word_1_103' title='bbox 58 1507 124 1586; x_wconf 83' lang='lat' dir='ltr'>ipsis</span> <span class='ocrx_word' id='word_1_104' title='bbox 139 1508 198 1567; x_wconf 90' lang='lat' dir='ltr'>dari</span> <span class='ocrx_word' id='word_1_105' title='bbox 213 1513 323 1587; x_wconf 92' lang='lat' dir='ltr'>poterit,</span> <span class='ocrx_word' id='word_1_106' title='bbox 344 1510 366 1564; x_wconf 91' lang='lat' dir='ltr'>si</span> <span class='ocrx_word' id='word_1_107' title='bbox 380 1509 424 1577; x_wconf 89' lang='lat' dir='ltr'>iis,</span> <span class='ocrx_word' id='word_1_108' title='bbox 445 1510 492 1584; x_wconf 91' lang='lat' dir='ltr'>qui</span> <span class='ocrx_word' id='word_1_109' title='bbox 507 1505 616 1576; x_wconf 85' lang='lat' dir='ltr'>adsunt,</span> <span class='ocrx_word' id='word_1_110' title='bbox 638 1514 703 1562; x_wconf 87' lang='lat' dir='ltr'>nota</span> <span class='ocrx_word' id='word_1_111' title='bbox 717 1508 752 1561; x_wconf 92' lang='lat' dir='ltr'>sit</span> <span class='ocrx_word' id='word_1_112' title='bbox 765 1525 857 1564; x_wconf 87' lang='lat' dir='ltr'>eorum</span> <span class='ocrx_word' id='word_1_113' title='bbox 874 1527 984 1565; x_wconf 85' lang='lat' dir='ltr'>conver·</span> 
     </span>
     <span class='ocr_line' id='line_1_17' title="bbox 51 1585 983 1668; baseline 0.001 -23"><span class='ocrx_word' id='word_1_114' title='bbox 51 1591 113 1655; x_wconf 81' lang='lat' dir='ltr'>eio;</span> <span class='ocrx_word' id='word_1_115' title='bbox 131 1600 290 1647; x_wconf 87' lang='lat' dir='ltr'>nontamen</span> <span class='ocrx_word' id='word_1_116' title='bbox 303 1588 473 1668; x_wconf 86' lang='lat' dir='ltr'>publicanda</span> <span class='ocrx_word' id='word_1_117' title='bbox 483 1597 630 1645; x_wconf 88' lang='lat' dir='ltr'>esteorum</span> <span class='ocrx_word' id='word_1_118' title='bbox 642 1585 810 1644; x_wconf 85' lang='lat' dir='ltr'>Communia</span> <span class='ocrx_word' id='word_1_119' title='bbox 824 1588 983 1666; x_wconf 81' lang='lat' dir='ltr'>priusquam</span> 
     </span>
     <span class='ocr_line' id='line_1_18' title="bbox 52 1667 608 1746; baseline -0.007 -19"><span class='ocrx_word' id='word_1_120' title='bbox 52 1669 171 1746; x_wconf 75' lang='lat' dir='ltr'>publice</span> <span class='ocrx_word' id='word_1_121' title='bbox 186 1680 251 1728; x_wconf 89' lang='lat' dir='ltr'>nota</span> <span class='ocrx_word' id='word_1_122' title='bbox 263 1671 314 1729; x_wconf 87' lang='lat' dir='ltr'>fiat</span> <span class='ocrx_word' id='word_1_123' title='bbox 327 1689 422 1726; x_wconf 91' lang='lat' dir='ltr'>eorum</span> <span class='ocrx_word' id='word_1_124' title='bbox 438 1667 608 1727; x_wconf 86' lang='lat' dir='ltr'>emendatio.</span> 
     </span>
    </p>

    <p class='ocr_par' dir='ltr' id='par_1_5' title="bbox 48 1747 983 2294">
     <span class='ocr_line' id='line_1_19' title="bbox 95 1747 982 1826; baseline -0.001 -18"><span class='ocrx_word' id='word_1_125' title='bbox 95 1750 112 1808; x_wconf 88' lang='lat' dir='ltr'>l</span> <span class='ocrx_word' id='word_1_126' title='bbox 117 1750 153 1809; x_wconf 83' lang='lat' dir='ltr'>V.</span> <span class='ocrx_word' id='word_1_127' title='bbox 184 1751 266 1810; x_wconf 85' lang='lat' dir='ltr'>Circa</span> <span class='ocrx_word' id='word_1_128' title='bbox 280 1750 394 1808; x_wconf 90' lang='lat' dir='ltr'>modum</span> <span class='ocrx_word' id='word_1_129' title='bbox 422 1747 610 1807; x_wconf 87' lang='lat' dir='ltr'>satisfaciendi</span> <span class='ocrx_word' id='word_1_130' title='bbox 625 1747 735 1826; x_wconf 90' lang='lat' dir='ltr'>publico</span> <span class='ocrx_word' id='word_1_131' title='bbox 750 1748 880 1806; x_wconf 87' lang='lat' dir='ltr'>scandalo</span> <span class='ocrx_word' id='word_1_132' title='bbox 893 1753 982 1807; x_wconf 82' lang='lat' dir='ltr'>consi-</span> 
     </span>
     <span class='ocr_line' id='line_1_20' title="bbox 49 1830 983 1910; baseline 0.001 -23"><span class='ocrx_word' id='word_1_133' title='bbox 49 1830 184 1889; x_wconf 89' lang='lat' dir='ltr'>deranda</span> <span class='ocrx_word' id='word_1_134' title='bbox 206 1842 250 1890; x_wconf 91' lang='lat' dir='ltr'>est</span> <span class='ocrx_word' id='word_1_135' title='bbox 263 1832 404 1890; x_wconf 83' lang='lat' dir='ltr'>diversitas</span> <span class='ocrx_word' id='word_1_136' title='bbox 425 1849 611 1910; x_wconf 87' lang='lat' dir='ltr'>personarum,</span> <span class='ocrx_word' id='word_1_137' title='bbox 635 1832 791 1894; x_wconf 86' lang='lat' dir='ltr'>criminum,</span> <span class='ocrx_word' id='word_1_138' title='bbox 813 1831 936 1888; x_wconf 87' lang='lat' dir='ltr'>locorum</span> <span class='ocrx_word' id='word_1_139' title='bbox 952 1842 983 1888; x_wconf 86' lang='lat' dir='ltr'>et</span> 
     </span>
     <span class='ocr_line' id='line_1_21' title="bbox 48 1909 981 1987; baseline 0.001 -19"><span class='ocrx_word' id='word_1_140' title='bbox 48 1911 176 1970; x_wconf 87' lang='lat' dir='ltr'>aliarum</span> <span class='ocrx_word' id='word_1_141' title='bbox 189 1913 454 1971; x_wconf 85' lang='lat' dir='ltr'>circumstantiarum</span> <span class='ocrx_word' id='word_1_142' title='bbox 468 1930 474 1965; x_wconf 93' lang='lat'><strong>:</strong></span> <span class='ocrx_word' id='word_1_143' title='bbox 496 1919 525 1967; x_wconf 90' lang='lat' dir='ltr'>et</span> <span class='ocrx_word' id='word_1_144' title='bbox 542 1909 582 1967; x_wconf 90' lang='lat' dir='ltr'>sic</span> <span class='ocrx_word' id='word_1_145' title='bbox 596 1930 621 1966; x_wconf 84' lang='lat' dir='ltr'>v.</span> <span class='ocrx_word' id='word_1_146' title='bbox 636 1929 663 1985; x_wconf 86' lang='lat' dir='ltr'>g.</span> <span class='ocrx_word' id='word_1_147' title='bbox 677 1913 772 1987; x_wconf 88' lang='lat' dir='ltr'>petitio</span> <span class='ocrx_word' id='word_1_148' title='bbox 786 1912 872 1968; x_wconf 78' lang='lat' dir='ltr'>venia</span> <span class='ocrx_word' id='word_1_149' title='bbox 886 1931 981 1969; x_wconf 86' lang='lat' dir='ltr'>coram</span> 
     </span>
     <span class='ocr_line' id='line_1_22' title="bbox 48 1990 981 2070; baseline 0 -20"><span class='ocrx_word' id='word_1_150' title='bbox 48 1992 172 2050; x_wconf 78' lang='lat' dir='ltr'>testibus</span> <span class='ocrx_word' id='word_1_151' title='bbox 193 1993 300 2057; x_wconf 79' lang='lat' dir='ltr'>lactea</span> <span class='ocrx_word' id='word_1_152' title='bbox 320 1991 378 2050; x_wconf 81' lang='lat' dir='ltr'>viro</span> <span class='ocrx_word' id='word_1_153' title='bbox 402 1992 488 2049; x_wconf 88' lang='lat' dir='ltr'>nobili</span> <span class='ocrx_word' id='word_1_154' title='bbox 510 1992 552 2048; x_wconf 88' lang='lat' dir='ltr'>vel</span> <span class='ocrx_word' id='word_1_155' title='bbox 571 1990 651 2049; x_wconf 87' lang='lat' dir='ltr'>valde</span> <span class='ocrx_word' id='word_1_156' title='bbox 666 1991 802 2049; x_wconf 89' lang='lat' dir='ltr'>honorato</span> <span class='ocrx_word' id='word_1_157' title='bbox 816 1992 981 2070; x_wconf 88' lang='lat' dir='ltr'>quandoque</span> 
     </span>
     <span class='ocr_line' id='line_1_23' title="bbox 48 2071 978 2152; baseline 0.002 -22"><span class='ocrx_word' id='word_1_158' title='bbox 48 2074 140 2152; x_wconf 88' lang='lat' dir='ltr'>pluris</span> <span class='ocrx_word' id='word_1_159' title='bbox 154 2075 245 2132; x_wconf 83' lang='lat' dir='ltr'>valere</span> <span class='ocrx_word' id='word_1_160' title='bbox 258 2074 365 2150; x_wconf 70' lang='lat' dir='ltr'>evulgo</span> <span class='ocrx_word' id='word_1_161' title='bbox 378 2072 559 2130; x_wconf 68' lang='lat' dir='ltr'>estimabitur</span> <span class='ocrx_word' id='word_1_162' title='bbox 571 2072 608 2129; x_wconf 92' lang='lat' dir='ltr'>ad</span> <span class='ocrx_word' id='word_1_163' title='bbox 628 2071 753 2130; x_wconf 84' lang='lat' dir='ltr'>scandali</span> <span class='ocrx_word' id='word_1_164' title='bbox 767 2076 978 2150; x_wconf 83' lang='lat' dir='ltr'>raparationem,</span> 
     </span>
     <span class='ocr_line' id='line_1_24' title="bbox 49 2154 981 2234; baseline 0.002 -22"><span class='ocrx_word' id='word_1_165' title='bbox 49 2156 138 2234; x_wconf 72' lang='lat' dir='ltr'>quam</span> <span class='ocrx_word' id='word_1_166' title='bbox 154 2154 298 2234; x_wconf 90' lang='lat' dir='ltr'>quidpiam</span> <span class='ocrx_word' id='word_1_167' title='bbox 322 2154 404 2232; x_wconf 75' lang='lat' dir='ltr'>longa</span> <span class='ocrx_word' id='word_1_168' title='bbox 418 2157 445 2212; x_wconf 90' lang='lat' dir='ltr'>in</span> <span class='ocrx_word' id='word_1_169' title='bbox 461 2171 491 2211; x_wconf 89' lang='lat' dir='ltr'>se</span> <span class='ocrx_word' id='word_1_170' title='bbox 512 2155 616 2230; x_wconf 79' lang='lat' dir='ltr'>gravius</span> <span class='ocrx_word' id='word_1_171' title='bbox 631 2157 783 2231; x_wconf 65' lang='lat' dir='ltr'>praestitum</span> <span class='ocrx_word' id='word_1_172' title='bbox 798 2157 815 2211; x_wconf 77' lang='lat' dir='ltr'>a</span> <span class='ocrx_word' id='word_1_173' title='bbox 829 2154 937 2233; x_wconf 89' lang='lat' dir='ltr'>plebeio</span> <span class='ocrx_word' id='word_1_174' title='bbox 952 2167 981 2214; x_wconf 88' lang='lat' dir='ltr'>et</span> 
     </span>
     <span class='ocr_line' id='line_1_25' title="bbox 48 2234 236 2294; baseline 0 0"><span class='ocrx_word' id='word_1_175' title='bbox 48 2234 236 2294; x_wconf 86' lang='lat' dir='ltr'>bominevili.</span> 
     </span>
    </p>

    <p class='ocr_par' dir='ltr' id='par_1_6' title="bbox 48 2314 990 3042">
     <span class='ocr_line' id='line_1_26' title="bbox 94 2314 990 2394; baseline 0.001 -18"><span class='ocrx_word' id='word_1_176' title='bbox 94 2318 144 2376; x_wconf 88' lang='lat' dir='ltr'>Ex</span> <span class='ocrx_word' id='word_1_177' title='bbox 169 2317 252 2376; x_wconf 90' lang='lat' dir='ltr'>dictis</span> <span class='ocrx_word' id='word_1_178' title='bbox 265 2317 348 2374; x_wconf 88' lang='lat' dir='ltr'>eliam</span> <span class='ocrx_word' id='word_1_179' title='bbox 363 2316 488 2386; x_wconf 89' lang='lat' dir='ltr'>observa,</span> <span class='ocrx_word' id='word_1_180' title='bbox 509 2315 582 2392; x_wconf 83' lang='lat' dir='ltr'>qudd</span> <span class='ocrx_word' id='word_1_181' title='bbox 597 2317 625 2371; x_wconf 92' lang='lat' dir='ltr'>in</span> <span class='ocrx_word' id='word_1_182' title='bbox 640 2314 737 2373; x_wconf 89' lang='lat' dir='ltr'>ordine</span> <span class='ocrx_word' id='word_1_183' title='bbox 751 2315 788 2375; x_wconf 90' lang='lat' dir='ltr'>ad</span> <span class='ocrx_word' id='word_1_184' title='bbox 802 2319 990 2394; x_wconf 16' lang='lat' dir='ltr'>negationem*</span> 
     </span>
     <span class='ocr_line' id='line_1_27' title="bbox 50 2396 979 2477; baseline 0.002 -23"><span class='ocrx_word' id='word_1_185' title='bbox 50 2396 268 2457; x_wconf 85' lang='lat' dir='ltr'>Commrrnionis</span> <span class='ocrx_word' id='word_1_186' title='bbox 293 2407 421 2477; x_wconf 86' lang='lat' dir='ltr'>peccator</span> <span class='ocrx_word' id='word_1_187' title='bbox 444 2397 574 2476; x_wconf 89' lang='lat' dir='ltr'>publicus</span> <span class='ocrx_word' id='word_1_188' title='bbox 588 2417 642 2454; x_wconf 90' lang='lat' dir='ltr'>non</span> <span class='ocrx_word' id='word_1_189' title='bbox 667 2398 703 2454; x_wconf 85' lang='lat' dir='ltr'>sit</span> <span class='ocrx_word' id='word_1_190' title='bbox 717 2399 808 2455; x_wconf 89' lang='lat' dir='ltr'>omnis</span> <span class='ocrx_word' id='word_1_191' title='bbox 822 2398 876 2465; x_wconf 87' lang='lat' dir='ltr'>ille,</span> <span class='ocrx_word' id='word_1_192' title='bbox 900 2400 979 2477; x_wconf 86' lang='lat' dir='ltr'>cujus</span> 
     </span>
     <span class='ocr_line' id='line_1_28' title="bbox 48 2477 980 2558; baseline 0.002 -22"><span class='ocrx_word' id='word_1_193' title='bbox 48 2491 200 2557; x_wconf 88' lang='lat' dir='ltr'>peccatum</span> <span class='ocrx_word' id='word_1_194' title='bbox 216 2481 328 2539; x_wconf 88' lang='lat' dir='ltr'>mortale</span> <span class='ocrx_word' id='word_1_195' title='bbox 348 2488 392 2537; x_wconf 87' lang='lat' dir='ltr'>est</span> <span class='ocrx_word' id='word_1_196' title='bbox 404 2479 544 2558; x_wconf 91' lang='lat' dir='ltr'>publicum</span> <span class='ocrx_word' id='word_1_197' title='bbox 558 2502 564 2548; x_wconf 91' lang='lat'>;</span> <span class='ocrx_word' id='word_1_198' title='bbox 587 2477 676 2534; x_wconf 85' lang='lat' dir='ltr'>inulte</span> <span class='ocrx_word' id='word_1_199' title='bbox 689 2479 763 2534; x_wconf 85' lang='lat' dir='ltr'>enim</span> <span class='ocrx_word' id='word_1_200' title='bbox 779 2487 806 2536; x_wconf 89' lang='lat' dir='ltr'>et</span> <span class='ocrx_word' id='word_1_201' title='bbox 819 2485 980 2538; x_wconf 87' lang='lat' dir='ltr'>communia</span> 
     </span>
     <span class='ocr_line' id='line_1_29' title="bbox 49 2558 977 2639; baseline 0.004 -23"><span class='ocrx_word' id='word_1_202' title='bbox 49 2572 171 2639; x_wconf 83' lang='lat' dir='ltr'>peccata</span> <span class='ocrx_word' id='word_1_203' title='bbox 186 2561 313 2618; x_wconf 88' lang='lat' dir='ltr'>mortalia</span> <span class='ocrx_word' id='word_1_204' title='bbox 326 2567 391 2617; x_wconf 89' lang='lat' dir='ltr'>sunt</span> <span class='ocrx_word' id='word_1_205' title='bbox 404 2562 481 2632; x_wconf 87' lang='lat' dir='ltr'>talia,</span> <span class='ocrx_word' id='word_1_206' title='bbox 501 2569 532 2616; x_wconf 90' lang='lat' dir='ltr'>ut</span> <span class='ocrx_word' id='word_1_207' title='bbox 545 2559 611 2616; x_wconf 77' lang='lat' dir='ltr'>licet</span> <span class='ocrx_word' id='word_1_208' title='bbox 623 2558 736 2637; x_wconf 84' lang='lat' dir='ltr'>publice</span> <span class='ocrx_word' id='word_1_209' title='bbox 752 2563 908 2627; x_wconf 86' lang='lat' dir='ltr'>commissa,</span> <span class='ocrx_word' id='word_1_210' title='bbox 923 2583 977 2619; x_wconf 91' lang='lat' dir='ltr'>non</span> 
     </span>
     <span class='ocr_line' id='line_1_30' title="bbox 48 2640 979 2718; baseline 0.001 -19"><span class='ocrx_word' id='word_1_211' title='bbox 48 2653 144 2699; x_wconf 83' lang='lat' dir='ltr'>tamen</span> <span class='ocrx_word' id='word_1_212' title='bbox 169 2641 205 2700; x_wconf 94' lang='lat' dir='ltr'>ob</span> <span class='ocrx_word' id='word_1_213' title='bbox 229 2643 277 2700; x_wconf 86' lang='lat' dir='ltr'>illa</span> <span class='ocrx_word' id='word_1_214' title='bbox 301 2641 469 2699; x_wconf 84' lang='lat' dir='ltr'>Communio</span> <span class='ocrx_word' id='word_1_215' title='bbox 492 2643 650 2717; x_wconf 86' lang='lat' dir='ltr'>denegetur,</span> <span class='ocrx_word' id='word_1_216' title='bbox 674 2641 757 2698; x_wconf 85' lang='lat' dir='ltr'>modd</span> <span class='ocrx_word' id='word_1_217' title='bbox 781 2640 829 2698; x_wconf 92' lang='lat' dir='ltr'>ille</span> <span class='ocrx_word' id='word_1_218' title='bbox 852 2653 979 2718; x_wconf 88' lang='lat' dir='ltr'>peccator</span> 
     </span>
     <span class='ocr_line' id='line_1_31' title="bbox 50 2718 976 2800; baseline 0.001 -21"><span class='ocrx_word' id='word_1_219' title='bbox 50 2724 163 2794; x_wconf 87' lang='lat' dir='ltr'>sciatur,</span> <span class='ocrx_word' id='word_1_220' title='bbox 182 2722 224 2780; x_wconf 89' lang='lat' dir='ltr'>vel</span> <span class='ocrx_word' id='word_1_221' title='bbox 248 2725 347 2780; x_wconf 77' lang='lat' dir='ltr'>meriti)</span> <span class='ocrx_word' id='word_1_222' title='bbox 362 2733 546 2800; x_wconf 81' lang='lat' dir='ltr'>praesrrmatur</span> <span class='ocrx_word' id='word_1_223' title='bbox 566 2722 802 2779; x_wconf 84' lang='lat' dir='ltr'>sacramentaliter</span> <span class='ocrx_word' id='word_1_224' title='bbox 814 2718 897 2777; x_wconf 84' lang='lat' dir='ltr'>fuisse</span> <span class='ocrx_word' id='word_1_225' title='bbox 910 2743 976 2780; x_wconf 90' lang='lat' dir='ltr'>cou-</span> 
     </span>
     <span class='ocr_line' id='line_1_32' title="bbox 50 2800 975 2882; baseline 0 -22"><span class='ocrx_word' id='word_1_226' title='bbox 50 2803 158 2875; x_wconf 82' lang='lat' dir='ltr'>fessus;</span> <span class='ocrx_word' id='word_1_227' title='bbox 181 2824 245 2862; x_wconf 87' lang='lat' dir='ltr'>narn</span> <span class='ocrx_word' id='word_1_228' title='bbox 261 2803 336 2882; x_wconf 90' lang='lat' dir='ltr'>quod</span> <span class='ocrx_word' id='word_1_229' title='bbox 350 2807 378 2860; x_wconf 90' lang='lat' dir='ltr'>in</span> <span class='ocrx_word' id='word_1_230' title='bbox 392 2803 494 2861; x_wconf 83' lang='lat' dir='ltr'>talibus</span> <span class='ocrx_word' id='word_1_231' title='bbox 508 2812 551 2859; x_wconf 88' lang='lat' dir='ltr'>est</span> <span class='ocrx_word' id='word_1_232' title='bbox 564 2801 694 2871; x_wconf 85' lang='lat' dir='ltr'>scandali,</span> <span class='ocrx_word' id='word_1_233' title='bbox 708 2800 790 2859; x_wconf 72' lang='lat' dir='ltr'>facile</span> <span class='ocrx_word' id='word_1_234' title='bbox 805 2821 853 2877; x_wconf 84' lang='lat' dir='ltr'>per</span> <span class='ocrx_word' id='word_1_235' title='bbox 867 2803 975 2860; x_wconf 82' lang='lat' dir='ltr'>conlas-</span> 
     </span>
     <span class='ocr_line' id='line_1_33' title="bbox 51 2882 976 2962; baseline 0.002 -21"><span class='ocrx_word' id='word_1_236' title='bbox 51 2886 168 2949; x_wconf 80' lang='lat' dir='ltr'>sionem,</span> <span class='ocrx_word' id='word_1_237' title='bbox 188 2888 243 2941; x_wconf 80' lang='lat' dir='ltr'>imd</span> <span class='ocrx_word' id='word_1_238' title='bbox 267 2897 296 2940; x_wconf 87' lang='lat' dir='ltr'>et</span> <span class='ocrx_word' id='word_1_239' title='bbox 320 2887 407 2962; x_wconf 86' lang='lat' dir='ltr'>ipsam</span> <span class='ocrx_word' id='word_1_240' title='bbox 426 2885 657 2942; x_wconf 86' lang='lat' dir='ltr'>Commurrionem</span> <span class='ocrx_word' id='word_1_241' title='bbox 683 2882 743 2959; x_wconf 83' lang='lat' dir='ltr'>(cni</span> <span class='ocrx_word' id='word_1_242' title='bbox 757 2888 976 2960; x_wconf 81' lang='lat' dir='ltr'>praesrrpponitur</span> 
     </span>
     <span class='ocr_line' id='line_1_34' title="bbox 52 2964 478 3042; baseline 0 -20"><span class='ocrx_word' id='word_1_243' title='bbox 52 2964 203 3041; x_wconf 81' lang='lat' dir='ltr'>confessio)</span> <span class='ocrx_word' id='word_1_244' title='bbox 218 2974 343 3024; x_wconf 85' lang='lat' dir='ltr'>censetur</span> <span class='ocrx_word' id='word_1_245' title='bbox 353 2969 478 3042; x_wconf 86' lang='lat' dir='ltr'>reparari.</span> 
     </span>
    </p>

    <p class='ocr_par' dir='ltr' id='par_1_7' title="bbox 54 3041 975 3355">
     <span class='ocr_line' id='line_1_35' title="bbox 91 3041 975 3123; baseline 0 -21"><span class='ocrx_word' id='word_1_246' title='bbox 91 3045 129 3102; x_wconf 91' lang='lat' dir='ltr'>V.</span> <span class='ocrx_word' id='word_1_247' title='bbox 146 3047 286 3114; x_wconf 84' lang='lat' dir='ltr'>Quinimo</span> <span class='ocrx_word' id='word_1_248' title='bbox 304 3050 456 3123; x_wconf 82' lang='lat' dir='ltr'>generatim</span> <span class='ocrx_word' id='word_1_249' title='bbox 470 3044 506 3103; x_wconf 89' lang='lat' dir='ltr'>ad</span> <span class='ocrx_word' id='word_1_250' title='bbox 533 3043 676 3102; x_wconf 81' lang='lat' dir='ltr'>evitandas</span> <span class='ocrx_word' id='word_1_251' title='bbox 688 3064 783 3122; x_wconf 78' lang='lat' dir='ltr'>granas</span> <span class='ocrx_word' id='word_1_252' title='bbox 798 3041 975 3119; x_wconf 75' lang='lat' dir='ltr'>difficultates</span> 
     </span>
     <span class='ocr_line' id='line_1_36' title="bbox 54 3126 972 3204; baseline 0.001 -21"><span class='ocrx_word' id='word_1_253' title='bbox 54 3126 265 3199; x_wconf 86' lang='lat' dir='ltr'>observandum,</span> <span class='ocrx_word' id='word_1_254' title='bbox 280 3138 310 3185; x_wconf 92' lang='lat' dir='ltr'>ut</span> <span class='ocrx_word' id='word_1_255' title='bbox 320 3126 455 3186; x_wconf 65' lang='lat' dir='ltr'>Sacerdos</span> <span class='ocrx_word' id='word_1_256' title='bbox 471 3126 703 3183; x_wconf 72' lang='lat' dir='ltr'>communionem</span> <span class='ocrx_word' id='word_1_257' title='bbox 715 3146 767 3183; x_wconf 90' lang='lat' dir='ltr'>non</span> <span class='ocrx_word' id='word_1_258' title='bbox 779 3126 899 3204; x_wconf 86' lang='lat' dir='ltr'>deneget</span> <span class='ocrx_word' id='word_1_259' title='bbox 911 3147 972 3203; x_wconf 90' lang='lat' dir='ltr'>pec·</span> 
     </span>
     <span class='ocr_line' id='line_1_37' title="bbox 55 3206 973 3286; baseline 0.002 -22"><span class='ocrx_word' id='word_1_260' title='bbox 55 3208 155 3265; x_wconf 87' lang='lat' dir='ltr'>toribus</span> <span class='ocrx_word' id='word_1_261' title='bbox 169 3207 312 3276; x_wconf 76' lang='lat' dir='ltr'>ecclesaie,</span> <span class='ocrx_word' id='word_1_262' title='bbox 335 3211 387 3265; x_wconf 84' lang='lat' dir='ltr'>nisi</span> <span class='ocrx_word' id='word_1_263' title='bbox 402 3209 428 3266; x_wconf 92' lang='lat' dir='ltr'>iu</span> <span class='ocrx_word' id='word_1_264' title='bbox 446 3206 553 3264; x_wconf 80' lang='lat' dir='ltr'>casibus</span> <span class='ocrx_word' id='word_1_265' title='bbox 568 3209 594 3263; x_wconf 89' lang='lat' dir='ltr'>in</span> <span class='ocrx_word' id='word_1_266' title='bbox 612 3207 720 3265; x_wconf 78' lang='lat' dir='ltr'>llituali</span> <span class='ocrx_word' id='word_1_267' title='bbox 735 3210 856 3286; x_wconf 81' lang='lat' dir='ltr'>exprimi</span> <span class='ocrx_word' id='word_1_268' title='bbox 869 3207 973 3282; x_wconf 79' lang='lat' dir='ltr'>solitae,</span> 
     </span>
     <span class='ocr_line' id='line_1_38' title="bbox 54 3288 529 3355; baseline 0.002 -11"><span class='ocrx_word' id='word_1_269' title='bbox 54 3289 170 3346; x_wconf 73' lang='lat' dir='ltr'>ealcum</span> <span class='ocrx_word' id='word_1_270' title='bbox 186 3290 302 3355; x_wconf 80' lang='lat' dir='ltr'>consilio</span> <span class='ocrx_word' id='word_1_271' title='bbox 318 3293 361 3347; x_wconf 88' lang='lat' dir='ltr'>sui</span> <span class='ocrx_word' id='word_1_272' title='bbox 377 3288 529 3346; x_wconf 86' lang='lat' dir='ltr'>Ordinarii.</span> 
     </span>
    </p>

    <p class='ocr_par' dir='ltr' id='par_1_8' title="bbox 54 3368 974 3612">
     <span class='ocr_line' id='line_1_39' title="bbox 91 3368 972 3450; baseline 0.002 -24"><span class='ocrx_word' id='word_1_273' title='bbox 91 3368 170 3429; x_wconf 89' lang='lat' dir='ltr'>Hinc</span> <span class='ocrx_word' id='word_1_274' title='bbox 186 3373 366 3450; x_wconf 73' lang='lat' dir='ltr'>aitStayaert</span> <span class='ocrx_word' id='word_1_275' title='bbox 381 3374 412 3428; x_wconf 78' lang='lat' dir='ltr'>eir</span> <span class='ocrx_word' id='word_1_276' title='bbox 428 3369 592 3446; x_wconf 77' lang='lat' dir='ltr'>Apperrdr&#39;cc</span> <span class='ocrx_word' id='word_1_277' title='bbox 607 3388 669 3426; x_wconf 87' lang='lat' dir='ltr'>cum</span> <span class='ocrx_word' id='word_1_278' title='bbox 686 3368 805 3440; x_wconf 88' lang='lat' dir='ltr'>nullum,</span> <span class='ocrx_word' id='word_1_279' title='bbox 819 3368 891 3449; x_wconf 88' lang='lat' dir='ltr'>quod</span> <span class='ocrx_word' id='word_1_280' title='bbox 906 3391 972 3428; x_wconf 89' lang='lat' dir='ltr'>con-</span> 
     </span>
     <span class='ocr_line' id='line_1_40' title="bbox 55 3449 973 3531; baseline 0.002 -24"><span class='ocrx_word' id='word_1_281' title='bbox 55 3460 110 3522; x_wconf 89' lang='lat' dir='ltr'>stat,</span> <span class='ocrx_word' id='word_1_282' title='bbox 136 3450 250 3509; x_wconf 82' lang='lat' dir='ltr'>llitualc</span> <span class='ocrx_word' id='word_1_283' title='bbox 264 3455 404 3531; x_wconf 87' lang='lat' dir='ltr'>exprimat</span> <span class='ocrx_word' id='word_1_284' title='bbox 417 3450 545 3517; x_wconf 86' lang='lat' dir='ltr'>ebriosos,</span> <span class='ocrx_word' id='word_1_285' title='bbox 566 3449 704 3527; x_wconf 89' lang='lat' dir='ltr'>juratores</span> <span class='ocrx_word' id='word_1_286' title='bbox 718 3460 766 3508; x_wconf 90' lang='lat' dir='ltr'>aut</span> <span class='ocrx_word' id='word_1_287' title='bbox 781 3450 896 3510; x_wconf 87' lang='lat' dir='ltr'>bibones</span> <span class='ocrx_word' id='word_1_288' title='bbox 911 3471 973 3529; x_wconf 88' lang='lat' dir='ltr'>per·</span> 
     </span>
     <span class='ocr_line' id='line_1_41' title="bbox 54 3529 974 3612; baseline 0.001 -23"><span class='ocrx_word' id='word_1_289' title='bbox 54 3529 215 3593; x_wconf 79' lang='lat' dir='ltr'>ditissimus:</span> <span class='ocrx_word' id='word_1_290' title='bbox 237 3544 266 3594; x_wconf 88' lang='lat' dir='ltr'>et</span> <span class='ocrx_word' id='word_1_291' title='bbox 291 3532 404 3594; x_wconf 85' lang='lat' dir='ltr'>aliunde</span> <span class='ocrx_word' id='word_1_292' title='bbox 432 3532 492 3591; x_wconf 76' lang='lat' dir='ltr'>bara</span> <span class='ocrx_word' id='word_1_293' title='bbox 505 3533 562 3590; x_wconf 87' lang='lat' dir='ltr'>sint</span> <span class='ocrx_word' id='word_1_294' title='bbox 574 3533 749 3611; x_wconf 77' lang='lat' dir='ltr'>presentium</span> <span class='ocrx_word' id='word_1_295' title='bbox 763 3542 920 3612; x_wconf 78' lang='lat' dir='ltr'>temporum</span> <span class='ocrx_word' id='word_1_296' title='bbox 945 3543 974 3590; x_wconf 88' lang='lat' dir='ltr'>et</span> 
     </span>
    </p>
   </div>
   <div class='ocr_carea' id='block_1_3' title="bbox 0 0 1080 3990">
    <p class='ocr_par' dir='ltr' id='par_1_9' title="bbox 0 0 1080 3990">
     <span class='ocr_line' id='line_1_42' title="bbox 0 0 1080 3990; baseline 0 0"><span class='ocrx_word' id='word_1_297' title='bbox 0 0 1080 3990; x_wconf 95' lang='lat' dir='ltr'> </span> 
     </span>
    </p>
   </div>
  </div>
 </body>
</html>
