2130 3990
112 158 168 221 lie
490 176 663 223 numeros

110 323 152 383 N.
172 322 220 385 22.
243 322 304 381 AN
326 320 454 384 PUERI
475 321 618 382 Llclru
640 321 954 397 BAPTIZENTUR,
974 324 1033 385 ΙΝ-

218 403 326 463 scus
348 404 435 465 VEL
456 403 621 464 [NVITIS
642 402 923 465 PARENTIBUS.

344 566 375 625 s,
392 565 490 626 mom.
504 575 598 645 qma
612 565 662 625 oa.
677 570 735 625 art.
751 568 799 625 ιο.

106 728 132 789 1.
152 725 248 789 Licita
260 727 456 802 baptizantur.
488 727 530 785 11.
543 727 652 791 Adulti
663 733 893 789 consentientes.
920 727 978 787 111.
991 729 1028 789 nt

142 807 241 889 proles
251 813 415 886 parentum,
432 811 485 879 qui
490 813 561 867 runi
571 810 721 887 baptizati.
742 808 798 868 lV.
813 810 855 869 Et
869 809 1027 886 irfidelinm

144 885 1023 1051 atttritisbtttffibhtthtbhttt

146 1052 270 1113 casibus.

144 1222 170 1282 1.
193 1221 381 1282 Nonnunnm
397 1222 434 1279 1⁰·
454 1223 634 1301 questionem
649 1242 705 1284 non
718 1242 777 1282 essa
790 1221 826 1281 de
839 1220 983 1282 validitate
990 1223 1018 1285 is:

102 1304 156 1364 tius
170 1301 305 1383 Baptismi
316 1327 323 1375 ;
336 1304 413 1381 quia
425 1311 531 1361 centnm
546 1312 597 1376 est,
617 1304 654 1362 ad
675 1305 729 1363 hnc
742 1323 799 1362 non
811 1305 918 1382 requiri
931 1302 1017 1363 volun·

101 1392 189 1447 tatem
203 1385 245 1444 vol
258 1386 452 1453 intentionem,
468 1381 693 1464 &aparentom
872 1432 875 1437 .
939 1436 942 1441 .

130 1465 171 1525 11.
180 1465 221 1522 2⁰·
235 1466 330 1525 Proles
341 1464 453 1534 adulta,
465 1467 522 1524 sive
530 1469 634 1524 ratione
648 1474 765 1536 utentes,
777 1466 801 1524 si
810 1467 839 1522 in
850 1463 1016 1544 Baptismun
1053 1504 1055 1540 2

101 1548 283 1620 consentiant,
302 1554 418 1624 possunt
429 1547 508 1606 liciti
521 1546 666 1626 baptizari,
681 1549 859 1625 quantumvis
876 1549 956 1605 inviti
969 1549 1016 1607 sint
1052 1544 1055 1621 i

99 1636 245 1709 parentes:
266 1630 332 1709 qnia
354 1629 540 1708 unnsquisque
563 1630 592 1687 in
614 1630 698 1688 rebus
734 1628 772 1688 ad
798 1626 920 1687 salutem
942 1629 1015 1707 porti·
1053 1632 1055 1637 '

99 1710 230 1769 nantibus
242 1718 286 1768 est
298 1707 428 1787 suijuris.

140 1791 264 1859 Quastio
277 1791 358 1868 igitur
370 1799 413 1849 est
425 1788 461 1848 de
474 1791 596 1868 prolibus
609 1788 731 1849 necdum
745 1792 849 1849 ratione
861 1789 1014 1849 utentibus?

138 1871 197 1930 111.
215 1872 250 1930 B„
266 1874 295 1929 Sr
306 1878 432 1949 parantes
444 1873 501 1930 sint
513 1871 656 1951 baptizati,
668 1873 726 1928 sive
738 1875 793 1929 sint
806 1870 953 1945 Haeretici
965 1872 1014 1930 eise
1050 1872 1054 1963 i

99 1955 157 2012 sint
170 1952 320 2024 Catholici,
341 1952 418 2011 licita
434 1952 488 2014 ilia
507 1955 598 2031 proles
620 1953 804 2030 baptizantur,
827 1953 894 2031 ipsis
914 1952 1014 2015 invitis:
1050 1966 1055 2035 Ι

97 2035 165 2113 quia
177 2034 218 2094 illi
232 2046 358 2113 parentes
372 2037 478 2092 ratione
492 2034 630 2112 Baptismi
643 2035 765 2111 suscepti
782 2035 824 2105 (et
837 2033 890 2111 ipsi
904 2030 1015 2091 infantae
1050 2038 1055 2103 ξ

96 2117 207 2175 ratione
230 2115 379 2174 nativitatis
401 2134 439 2173 ax
460 2115 623 2194 parentibus
646 2112 807 2192 baptizatis)
831 2121 898 2171 sunt
920 2112 1016 2173 subditi
1051 2124 1055 2139 '

97 2197 254 2267 Ecclesiae3
282 2198 311 2254 in
336 2215 402 2254 casu
424 2206 518 2256 tamen
540 2217 596 2276 quo
625 2205 755 2274 parentes
786 2203 853 2253 sunt
875 2192 1015 2265 Haetetioi,
1050 2226 1055 2259 ι

96 2277 286 2343 schismatici,
302 2274 346 2335 &c
355 2276 488 2338 deberent
502 2279 589 2357 proles
603 2277 749 2355 baptizata
761 2278 882 2353 separari
891 2276 1011 2353 aparen-
1051 2274 1055 2337 ζ

95 2359 180 2426 tibus,
201 2379 237 2417 na
259 2356 438 2436 postmodum
461 2367 667 2436 pervertantur:
688 2361 756 2436 quia
778 2365 872 2415 tamen
886 2374 960 2433 sape
973 2354 1015 2415 illa

93 2443 230 2516 separatio
254 2438 337 2519 (licet
359 2438 434 2497 hanc
450 2440 579 2498 Ecclesia
591 2438 684 2496 facere
697 2448 788 2517 posset
801 2438 861 2495 sine
875 2443 1013 2516 parentum

93 2519 210 2598 injurio)
228 2520 266 2579 ob
280 2519 349 2578 alias
363 2539 461 2580 causas
473 2540 528 2578 non
543 2527 634 2600 potest
644 2519 713 2592 fieri,
727 2520 770 2578 vel
784 2539 837 2577 non
852 2519 915 2579 sini>
929 2519 1012 2577 maxi·

93 2602 148 2660 mis
160 2601 355 2675 incommodis,
375 2599 443 2661 hino
455 2603 556 2682 sapius
569 2620 625 2661 non
640 2600 755 2681 expedit
767 2599 837 2660 tales
850 2599 942 2679 proles
953 2598 1012 2676 bap

94 2684 192 2742 tiuare.

132 2763 190 2824 IV.
212 2765 243 2824 si
263 2771 394 2844 parentes
413 2765 471 2823 sint
490 2763 625 2833 infideles
647 2783 771 2822 aennon
795 2762 943 2840 baptizati,
968 2761 1011 2839 qui

91 2845 216 2925 Principi
227 2845 374 2905 Catholico
384 2845 565 2925 subjiciuntur
574 2845 717 2924 despotice
739 2841 1011 2923 (utsuntmaocipia

91 2926 135 2985 vel
157 2925 231 2986 bello
254 2926 342 3007 capti)
365 2937 430 2986 tunc
444 2931 527 2986 etiam
541 2927 609 2986 licet
621 2945 716 2984 eorum
730 2926 851 2984 infantes
864 2924 1013 3003 baptizare,

89 3007 155 3086 ipsis
169 3009 279 3066 invitis:
310 3009 377 3085 quia
397 3010 425 3067 in
440 3029 505 3067 casu
520 3007 580 3066 sini>
594 3005 697 3084 injuria
712 3013 830 3085 possunt
842 3005 897 3064 illis
915 3005 1013 3083 privari

89 3098 226 3166 parentes,
247 3091 277 3147 in
292 3107 406 3167 quorum
416 3090 510 3147 iocum
522 3088 646 3147 succedit
661 3088 799 3166 Princeps.

131 3169 169 3229 V.
194 3170 225 3228 Si
246 3178 340 3228 autem
357 3168 471 3247 politica
486 3170 597 3229 tantum
620 3167 660 3226 illi
680 3168 808 3227 infideles
831 3165 1012 3245 subjiciantur

89 3249 213 3330 Principi
229 3248 386 3317 catholico,
401 3258 467 3308 tunc
478 3249 577 3308 dicitur
586 3253 770 3308 communiter
781 3269 846 3307 cum
857 3247 887 3305 S.
900 3246 1013 3306 Thema

89 3338 184 3389 contra
199 3335 342 3404 Scotistas,
362 3329 433 3410 qubd
450 3330 543 3390 illicite
557 3330 741 3409 baptizentur,
751 3329 912 3408 parentibus
925 3328 1014 3387 insciis

87 3410 130 3505 vel
144 3412 253 3487 invitis3
275 3415 398 3494 exceptis
411 3419 504 3472 tamen
519 3411 630 3470 casibus
643 3412 812 3491 quibusdam
825 3409 898 3469 inira
908 3427 1012 3489 ponen-

87 3490 130 3552 dis

129 3536 358 3633 bundamentum
376 3574 432 3635 hoc
445 3574 506 3635 loco
519 3574 598 3655 ponit
612 3573 643 3632 S.
658 3573 786 3633 Thomas
801 3573 895 3633 dicens
908 3573 940 3631 in
955 3589 1012 3631 cor-

84 3675 172 3735 pora:
194 3655 263 3714 Non
277 3655 363 3715 habet
376 3657 432 3716 boc
445 3654 578 3716 Ecclesia
592 3656 775 3733 consuetudo,
798 3657 879 3737 quid
886 3651 958 3730 filu·
969 3655 1014 3712 in·

71 3736 216 3813 fidelr'rrm
231 3737 331 3801 invitis
339 3737 515 3819 parentibus
529 3737 724 3819 baptizentur.
