2130 3990
85 179 144 239 224
331 194 534 240 nrsssursrro
555 195 754 241 rnaonoorcs

85 346 269 400 monstrorum
284 348 313 400 et
325 340 447 401 foetuum
461 363 544 423 supra
555 342 701 403 dictorum.
734 343 810 421 Ergo
823 340 889 413 illie,
901 341 979 400 sicut
990 350 1017 400 ct
1052 361 1057 419 ,¹

86 423 138 489 bis,
161 422 375 482 Sacramentum
399 428 611 500 regenerationis
623 423 810 484 administrari
823 422 930 482 debet:
952 442 1017 481 narn
1051 442 1057 473 ι

86 508 274 563 Sacramenta
295 513 406 584 propter
427 505 555 565 homines
568 509 693 565 instituta
706 504 798 578 tuere,
818 524 876 564 non
888 502 1014 563 homines
1049 514 1057 555 ⁵

86 592 198 663 propter
210 584 398 644 Sacramenta.
421 586 525 645 Nonne
535 587 636 646 melius
644 586 881 645 estSacramanta
894 583 1010 664 periculo
1055 640 1057 647 .

88 666 224 723 nullitatis
237 684 389 745 exponere,
410 668 495 747 quam
518 667 647 727 homines
661 668 784 745 pedanio
802 664 1009 725 damnationis?
1048 662 1057 733 {t

128 745 236 823 Urgeo:
258 757 290 805 nt
303 749 426 807 minimis
447 748 560 807 foetibus
582 749 743 828 Baptismus
766 746 900 826 denegari
915 755 1011 825 posset,

87 826 202 887 deberet
214 833 286 886 certo
299 831 429 908 cognosci
446 829 488 888 vel
503 840 573 889 setas
588 848 721 907 congrua,
741 828 785 886 rel
798 829 902 907 grados
916 827 1012 888 forma·

86 910 172 966 tionis
186 910 354 968 necessarius
363 911 399 969 ad
412 910 579 970 infusionem
593 912 697 969 animae
712 909 874 982 rationalis,
888 908 1011 969 emnbad
1054 981 1057 988 Ι

87 989 207 1048 eundern
221 991 307 1048 finem
320 992 521 1069 requirerentur
533 992 639 1050 indicia
652 993 771 1050 certain
788 992 930 1064 monstris,
944 991 1011 1069 qnid

87 1090 142 1129 non
163 1072 220 1129 sint
242 1071 378 1147 homines,
398 1081 428 1130 et
447 1077 476 1131 in
499 1074 636 1145 abortivis,
656 1071 730 1152 quod
745 1091 801 1129 non
814 1072 925 1141 vivaut3
949 1071 1014 1133 atita
1053 1063 1057 1071 ⁸

86 1151 178 1230 plures
192 1151 278 1211 foetus
293 1152 431 1233 Baptismi
445 1174 562 1234 capaces
576 1157 605 1212 in
618 1162 746 1232 apertum
760 1151 857 1211 salutis
866 1150 1014 1211 discrimen

87 1235 276 1293 mitterentur:
298 1236 375 1314 atqui
386 1255 440 1293 nec
452 1237 505 1295 ista
518 1245 592 1306 uras,
605 1255 657 1293 nec
670 1236 722 1293 iate
735 1233 840 1314 gradus
849 1232 1016 1294 formationis

86 1315 244 1377 innotescit.

130 1395 208 1455 Nam
235 1394 272 1453 l'·
298 1398 333 1455 de
355 1404 436 1457 aetate
458 1418 516 1457 non
537 1405 658 1471 constat,
679 1399 763 1455 etiam
779 1397 849 1455 inter
861 1396 971 1474 antiqui
983 1394 1016 1454 de

87 1480 267 1554 generatione
279 1482 439 1556 systematis
456 1480 595 1552 aseeclas;
616 1477 756 1557 siqnidem
770 1477 904 1535 Thomas
919 1476 944 1536 F
944 1479 1017 1535 ienae

88 1559 290 1617 animationem
304 1557 362 1618 lieri
372 1569 452 1640 putat
463 1561 509 1618 die
522 1563 612 1634 tertio,
634 1558 796 1617 Gassendus
808 1559 941 1637 septimo,
961 1557 1014 1616 'l'o

89 1642 147 1699 mai
160 1639 390 1717 decimo-quinto,
414 1640 543 1701 Albertus
563 1641 686 1720 Magnus
699 1640 954 1718 vigesimo-quinto,
972 1639 1016 1697 alii

89 1723 238 1797 trigesimo,
259 1723 516 1802 trigesimo-quinto,
538 1733 566 1782 et
583 1723 718 1801 gradatim
734 1739 820 1799 usque
835 1719 872 1778 ad
886 1722 1016 1798 octogesi-

90 1822 165 1860 mum
182 1811 211 1859 et
225 1807 445 1879 nonagesimum.

139 1886 214 1942 Dato
228 1886 324 1955 etiarn,
344 1885 417 1962 quod
434 1888 509 1942 certb
524 1894 745 1964 cognosceretur,
768 1883 825 1962 quai
839 1890 926 1942 atate
938 1880 1015 1940 faetus

90 1965 267 2037 insinuaretur,
288 1964 343 2022 hoc
358 1985 412 2023 non
427 1963 577 2039 sufficeret,
591 1967 639 2025 sed
654 1965 748 2025 adbuc
758 1963 958 2022 desideraretur
970 1962 1016 2022 oli·

90 2045 157 2123 quid
180 2047 256 2102 certd
280 2044 413 2115 indicans,
437 2047 535 2106 foeturn
550 2048 584 2106 ad
604 2047 680 2106 illam
701 2049 866 2126 pervenisse.
912 2044 1057 2115 Fnsm'j

90 2125 280 2205 appellaretur
289 2129 476 2186 testimoninm
489 2127 647 2202 mulierum,
660 2147 722 2206 qua
736 2128 764 2184 in
777 2124 953 2204 designando
963 2145 1016 2184 rero
1051 2142 1057 2184 ε·

90 2230 147 2267 snae
160 2208 328 2286 graviditatis
341 2228 397 2267 non
413 2209 531 2267 multum
546 2218 681 2285 provecte
694 2210 774 2266 initio
784 2205 914 2285 quotidie
923 2205 1016 2265 fallun·
1051 2264 1054 2269 .

91 2306 144 2348 tur.
180 2290 248 2347 Non
265 2289 356 2368 majus
370 2290 465 2348 lumen
481 2289 622 2368 preferret
633 2289 833 2364 configuratio:
855 2306 912 2346 non
928 2306 1017 2346 omnes
1051 2306 1053 2311 ’

90 2375 164 2429 enim
190 2369 277 2427 foetus
300 2371 405 2449 requali
427 2382 553 2450 tempore
572 2378 781 2437 maturescunt;
800 2368 851 2427 sed
860 2369 915 2431 alii
929 2368 1016 2434 ciliis,

91 2454 136 2508 alii
154 2450 266 2522 tardius,
280 2471 327 2528 pro
338 2454 534 2510 constitutione
547 2455 669 2530 corporis
682 2451 861 2509 velclimate.
1052 2450 1056 2457 ”

101 2576 105 2582 .
132 2534 175 2588 2⁰·
207 2532 253 2587 De
279 2532 363 2607 gradu
390 2532 563 2591 formationis
584 2531 617 2589 ad
639 2533 839 2590 animationem
869 2530 1019 2588 noemam
1052 2552 1057 2585 :

92 2613 171 2688 acque
187 2613 337 2690 ambigitur
349 2616 422 2672 inter
434 2634 490 2686 eos,
504 2616 553 2689 qui
567 2623 690 2691 systema
703 2612 891 2690 generationis
906 2630 954 2690 per
972 2629 1018 2669 ora
1053 2630 1057 2667 r

92 2715 146 2751 non
163 2704 271 2761 norunt,
288 2692 330 2751 vel
346 2714 400 2752 non
416 2694 579 2753 admittunt.
629 2694 751 2764 Quidam
768 2695 844 2751 enim
857 2697 1018 2751 tantbmre·
1054 2710 1057 2747 r

92 2778 207 2852 quirunt
217 2777 587 2853 praeparationemmateriae
601 2775 753 2840 seminalis,
768 2783 803 2831 ut
815 2775 851 2832 eit
860 2791 936 2845 caro,
961 2773 1018 2852 qni·

92 2861 157 2914 <tarn
172 2855 368 2914 formationem
382 2857 481 2924 cordis,
506 2856 607 2914 cerebri
622 2865 651 2913 et
664 2856 781 2934 hepatis,
802 2873 837 2912 ao
850 2852 1018 2930 reliquorum

94 2937 279 2995 membrorum
294 2937 518 3005 delineationem,
535 2937 648 3015 quidam
658 2945 745 2996 totam
758 2933 946 2994 membrorum
960 2943 1019 2992 tax-

90 3029 192 3076 turam.

109 3142 113 3149 .
136 3100 162 3156 N
168 3099 219 3157 ilril
231 3100 316 3176 igitur
328 3099 435 3177 praebet
448 3099 662 3158 adversariorum
678 3098 782 3178 opinio,
804 3099 833 3156 in
847 3115 904 3176 quo
918 3114 969 3175 pes
980 3114 1019 3154 se·

94 3202 175 3238 cerrus
188 3182 238 3257 ligi
253 3181 357 3258 possit:
378 3201 444 3259 ergo
458 3183 568 3238 ulterius
581 3178 691 3237 summe
705 3179 889 3259 periculosum
902 3184 945 3236 est
957 3195 1020 3234 eam

92 3265 122 3319 in
136 3265 220 3339 praxi
233 3263 322 3340 sequi,
337 3272 418 3339 prout
431 3261 592 3339 quotidiano
603 3270 698 3319 etnon
707 3263 773 3318 satis
787 3257 918 3318 deflendo
932 3276 1020 3337 expe·

92 3346 212 3400 rimento
226 3343 432 3422 comprobatur.
481 3343 558 3399 Nam
572 3357 610 3398 ex
621 3360 676 3419 quo
691 3341 838 3421 Peripatus
848 3339 966 3401 Scholas
979 3340 1019 3397 in·

95 3426 173 3492 vasis,
194 3443 336 3500 perrarum
357 3433 387 3480 et
407 3423 466 3482 fere
489 3421 645 3480 inauditum
671 3433 723 3492 est,
735 3422 872 3481 'maximo
885 3422 917 3479 in
931 3421 1021 3499 pagis,

95 3504 169 3581 quod
191 3505 358 3568 adveniente
378 3505 477 3564 abortu
497 3506 524 3561 in
540 3504 630 3581 primo
643 3513 674 3562 et
681 3503 810 3562 ¹secundo
823 3502 1022 3583 praegnationis

94 3605 200 3661 mense,
211 3589 344 3666 'quemvis
366 3594 432 3648 tunc
449 3583 647 3666 frequentiori,¹
659 3583 837 3648 attendantur
848 3582 949 3657 foetus3
972 3580 1020 3642 aed

721 3912 794 3942 Q
