2130 3990
346 219 387 261 nrt
400 218 572 263 sacnrrrcto
587 220 688 263 uisse.
921 196 996 261 ³83?

51 370 115 421 tam
131 364 283 437 extensive,
304 358 333 422 id
348 373 398 438 est,
419 365 491 442 qsdd
505 357 624 423 eundem
639 362 770 422 effectum
785 361 867 438 possit
881 361 979 438 produ·

53 464 116 502 cere
139 446 168 502 in
181 443 304 522 pluribus
319 453 346 505 et
363 447 391 503 in
407 446 528 523 pluribus
540 449 569 504 in
582 445 733 515 inlinitum,
756 449 797 504 ita
809 448 840 498 ut
853 441 982 500 limitatio

51 525 162 584 imctris
175 528 314 603 proveniat
324 546 362 583 ex
372 525 550 606 dispositione
563 533 593 583 et
606 525 752 585 devotione
764 525 850 594 illius,
861 540 911 600 pro
925 542 981 600 quo

52 606 240 665 sacrificatur:
274 616 303 664 et
328 608 482 667 secundum
517 607 592 665 banc
617 609 782 666 sententiam
809 602 982 662 Sacrificium

51 685 153 745 Missae
181 687 304 746 oblatum
319 706 371 766 pro
385 688 504 768 pluribus
518 687 600 766 aeqnb
614 685 861 765 prodestsingulis,
875 686 982 744 caeteris

50 766 177 845 parib'us,
198 788 231 826 ac
257 771 352 848 sipro
364 787 424 828 uno
446 771 556 828 tantum
570 766 730 841 offerretur3
753 771 894 846 quiscum
908 765 984 824 valor

50 853 87 907 sit
100 849 237 916 infinitus,
252 859 280 908 et
291 850 406 908 cuilibet
419 849 593 910 Sacrificium
604 853 692 927 prosit
701 849 855 909 secundum
870 847 983 925 quanti-

49 937 141 988 tatem
155 950 212 987 snae
225 929 387 1000 devotionis,
402 942 434 990 ut
448 931 530 990 docet
543 934 573 989 S.
588 929 695 989 Thom.
717 939 813 1010 quast.
827 930 879 1003 79.
894 937 938 986 art
949 927 980 987 ⁵.
994 946 997 953 ·

49 1021 81 1068 et
95 1011 126 1070 7.
142 1011 212 1070 nibil
224 1011 330 1070 tollitur
343 1012 481 1071 defructu
499 1012 593 1070 debito
605 1011 680 1071 illius
693 1011 843 1083 devotioni,
862 1028 911 1088 pro
924 1026 981 1087 quo

48 1091 182 1164 offertur,
202 1112 246 1149 ex
272 1092 328 1151 boc
355 1094 430 1171 qubd
443 1092 575 1152 offeratur
588 1112 637 1172 pro
652 1092 730 1165 aliis;
753 1092 892 1154 inlinitum
905 1092 981 1150 enirn

48 1180 97 1232 est
115 1172 338 1231 inexhauribile.·
719 1176 722 1181 '
794 1178 797 1183 ’
833 1204 836 1209 ·
933 1192 937 1199 ·

93 1253 230 1313 Admittit
256 1263 349 1312 tamen
377 1254 438 1312 hac
462 1256 608 1322 sententia,
630 1253 766 1330 injustum
782 1273 840 1312 esse
854 1254 982 1332 accipere

48 1354 107 1413 pro
119 1355 178 1394 una
192 1335 285 1397 Missa
297 1336 378 1414 plnra
391 1336 545 1414 stipendia3
565 1337 631 1411 quia
643 1335 814 1414 stipendium
828 1353 883 1392 non
899 1332 984 1392 datur

48 1425 187 1493 tanquam
213 1418 333 1492 pretium
360 1415 470 1475 fruetis
485 1417 630 1486 Sacrificii,
650 1415 701 1474 sed
715 1436 766 1494 pro
783 1415 983 1473 sustentatione

51 1497 193 1569 Ministri,
213 1500 279 1574 quia
306 1517 360 1573 non
384 1497 449 1556 ideo
474 1497 574 1575 majori
599 1497 708 1575 indiget
733 1495 866 1555 alimento
886 1514 924 1554 ex
937 1514 982 1566 eo,

50 1577 131 1656 quud
146 1577 202 1636 hoc
216 1579 390 1636 Sacrificium
413 1579 537 1657 pluribus
551 1578 656 1655 integre
669 1580 768 1657 prosit:
789 1576 917 1654 adeoque
931 1593 983 1634 nec

51 1660 117 1738 plus
134 1661 239 1717 nisiex
255 1659 418 1717 iiberalitate
433 1659 527 1718 datum
541 1660 666 1736 recipere
678 1665 776 1736 potest.

96 1739 151 1797 lV.
177 1740 316 1799 Posterior
341 1744 485 1815 sententie,
505 1759 566 1818 qna
587 1742 838 1806 intersecantiorea
851 1745 982 1797 estcom-

52 1824 176 1888 rnuniot,
197 1822 273 1893 dicit,
287 1820 483 1879 limitationem
497 1823 661 1900 quantitatis
675 1820 779 1878 fructus
792 1820 934 1899 provenire
946 1836 997 1875 ex.

51 1901 197 1960 voluntate
213 1902 327 1969 Christi,
349 1905 397 1980 qui
424 1905 463 1960 sic
479 1903 595 1983 instituit
608 1900 664 1960 hoc
678 1900 861 1972 Sacrificium,
881 1906 914 1956 ut
927 1917 984 1957 cer·

52 1992 118 2040 tum
146 1992 176 2040 et
189 1983 340 2042 limitatum
359 1989 467 2041 tanturn
495 1983 616 2042 fructum
638 1981 811 2062 produceret,
833 1990 866 2042 ut
879 1979 919 2039 sic
931 1998 984 2038 ex·

54 2065 191 2122 citaretur
223 2063 351 2123 fidelium
386 2066 482 2142 pietas,
519 2064 555 2122 ad
584 2062 755 2142 frequentiis
782 2058 985 2142 procurandam'

55 2143 196 2203 Sacrificii
222 2145 455 2204 celebrationem:
483 2153 511 2204 et
536 2148 565 2203 in
591 2145 645 2202 hac
658 2144 796 2204 sententia
809 2142 997 2203 Sacrificium--

56 2224 185 2284 oblatum
210 2245 260 2304 pro
273 2225 397 2305 pluribus
421 2246 477 2285 non
492 2227 572 2304 aque
586 2222 699 2305 prodest
710 2224 837 2304 singulis
850 2243 884 2284 ac
897 2224 922 2283 si
934 2222 989 2302 pru'

55 2324 113 2364 uno
140 2306 419 2375 substramentum
443 2310 509 2385 quia
532 2307 650 2379 finitum,
677 2308 731 2383 qud
759 2306 881 2384 pluribus
894 2303 995 2363 distri.

57 2386 160 2459 buitur,
175 2392 209 2444 eb
224 2389 313 2464 magis
325 2388 459 2446 decrescit
471 2398 498 2445 et
512 2385 838 2463 minuszstngutisdatai.··
858 2426 861 2431 >
889 2408 901 2439 ἰ
916 2410 920 2429 ι
937 2392 960 2438 “;-
990 2408 995 2416 ·

97 2467 137 2525 V.
153 2468 292 2526 Probatur
306 2469 369 2527 baec
381 2474 519 2528 sententia
534 2472 573 2526 1⁰·
588 2471 655 2547 quia
668 2467 798 2527 Christus
807 2466 862 2526 ho'e
871 2464 995 2524 &ont--

57 2550 134 2608 cium
144 2549 269 2613 instituit,
284 2560 317 2606 ut
327 2549 560 2626 frequentaretur:
575 2570 638 2628 ergo
649 2569 706 2607 non
717 2549 809 2618 voluit,
824 2547 984 2606 uthaberet

56 2629 190 2688 effectum
216 2631 369 2689 infinitum:
390 2632 431 2688 20·
447 2632 514 2690 lieet
527 2651 569 2689 res
592 2631 688 2689 oblata
701 2638 728 2686 et
742 2628 900 2709 principalis
914 2625 983 2684 offa·

56 2731 119 2770 rens
143 2713 196 2768 siut
210 2711 309 2769 infiniti
324 2713 431 2784 valoris,
450 2714 511 2790 ipsa
532 2722 625 2770 tamen
642 2710 800 2770 Sacerdotis
824 2709 929 2769 oblatio
944 2713 987 2764 est

55 2791 155 2849 finita:
179 2790 223 2849 3⁰·
239 2795 305 2870 quia
331 2795 427 2870 praxis
457 2792 698 2863 Ecclesiaehnbet
723 2789 984 2870 qudeacrificium

56 2871 190 2931 offeratur
205 2893 252 2950 pro
267 2875 361 2950 aliquo
375 2878 402 2931 in
418 2873 591 2952 particulari:
607 2877 631 2931 si
644 2883 742 2930 autent
757 2893 805 2951 pro
820 2869 915 2929 multis
928 2867 986 2927 fac-

55 2962 116 3011 tum
141 2954 252 3011 tentrim
280 2956 383 3012 valeret
395 2956 517 3028 singulis,
537 2974 569 3013 ac
583 2956 606 3011 si
628 2974 677 3032 pro
693 2974 748 3011 uno
762 2958 874 3011 tantum
900 2950 984 3021 fieret,

55 3034 171 3093 deberet
189 3036 303 3093 Sacrum
319 3035 379 3092 fieri
394 3056 418 3092 v.
434 3056 452 3112 g
486 3055 534 3112 pro
547 3035 678 3094 omnibus
702 3034 850 3100 defunctis,
865 3052 921 3091 non
937 3050 985 3110 pro

54 3135 113 3173 uno
129 3125 246 3176 tantum.
286 3114 327 3171 4⁰·
352 3116 518 3175 Confirmnri
539 3125 630 3194 potest
643 3115 703 3174 lraec
717 3118 855 3174 sententia
868 3133 905 3172 ex
918 3132 984 3169 con·

55 3196 235 3255 damnatione
271 3195 355 3273 hujus
386 3198 578 3275 propositionis
610 3216 660 3276 per
686 3195 884 3254 Alexandrum
911 3192 983 3250 Vll.

55 3282 76 3311 ‘¹
94 3278 161 3335 Non
186 3285 227 3335 est
241 3290 337 3335 contra
360 3278 503 3335 iustitiam
518 3298 566 3355 pro
581 3277 702 3356 pluribus
717 3277 866 3335 Sacrificiis
879 3275 982 3353 stipen-

55 3356 136 3416 dium
150 3360 274 3436 accipere
288 3369 316 3417 et
329 3359 502 3416 Sacrificium
519 3379 605 3416 unum
619 3357 745 3417 offerre.”

98 3437 153 3495 VI.
183 3439 385 3515 Necsequitur
413 3440 520 3498 exlrac
538 3441 685 3509 sententia,
706 3439 828 3498 fructum
844 3437 984 3495 minuicx

56 3538 173 3577 numero
187 3520 359 3578 audientium
372 3521 500 3589 Missam,
514 3520 555 3579 vel
563 3523 747 3579 assistentium
759 3517 904 3578 Sacerdoti
913 3516 987 3579 cele·

57 3599 163 3671 branti;
180 3603 244 3679 quia
271 3607 335 3660 curn
358 3603 414 3660 sint
441 3601 590 3662 oile'rentes
617 3621 683 3661 cum
699 3600 858 3674 Sacerdote,
884 3598 988 3677 singuli
