2130 3990
73 173 133 239 170
441 190 619 237 morasus

68 344 131 397 tum
143 336 303 397 contritioni
315 333 457 416 pericula,
477 356 529 396 aau
547 334 637 396 cordia
656 335 692 395 ad
709 338 806 398 Deum
818 336 996 419 conversioni.

72 419 184 478 Dicitur
194 416 318 479 ilcmiuia
331 420 350 477 i
361 437 442 478 sacro
454 417 571 477 flamine
578 436 629 477 seu
636 419 743 499 Spiritu
756 420 867 478 Sancto
874 429 997 480 movente

70 498 170 558 corad
193 501 407 579 poeniteutiam:
441 507 472 557 et
497 497 561 559 ideo
586 500 675 558 etiam
701 499 804 560 (licitur
832 498 996 579 Ropousa

70 579 262 641 Poenstratiae
274 585 304 639 ei
321 581 497 641 ctaruaro.

110 661 203 730 Patet.
223 681 279 721 non
299 680 414 721 omrem
434 659 650 735 contritionem,
668 660 738 721 licit
756 658 924 743 perfactam,
942 661 990 725 lici

69 760 150 825 posse
167 742 340 821 Baptismum
352 742 475 801 flaminia
488 764 495 814 3
517 740 568 802 serl
578 750 646 801 tuuc
658 743 781 814 teritum,
796 742 868 803 dum
876 762 927 824 per
936 762 990 807 orm

68 824 215 885 remittitur
228 834 377 902 peccatum
390 822 565 901 originalem
579 843 634 882 non
650 823 805 904 baptisato.

111 902 190 971 Quid
200 913 244 963 cst
258 905 421 985 Baptismus
432 903 598 981 sanguinis?

112 983 168 1045 IV.
203 986 241 1045 R.
264 984 319 1045 Eat
342 985 516 1063 Martyrium
540 1004 590 1065 pro
617 985 728 1044 Christo
748 983 899 1044 toleratum
913 985 990 1048 tirou

67 1064 225 1143 baptizato.
246 1066 361 1127 Dicitur
374 1065 570 1144 “anguium’'
592 1068 660 1146 quia
671 1065 845 1144 Martyrium
856 1064 989 1127 ordinare

68 1145 107 1284 M
114 1165 164 1224 par
176 1151 320 1227 sauguinis
331 1145 506 1217 effusionem,
536 1149 567 1206 iu
581 1166 636 1227 quo
649 1147 731 1228 quasi
750 1149 928 1225 immergitur
938 1149 990 1229 ipae

109 1246 194 1370 raiol
206 1309 344 1382 similitor,
358 1307 529 1388 Martyrium
540 1316 609 1367 tunc
617 1308 709 1368 solum
721 1328 804 1387 possa
817 1307 876 1369 dici
888 1308 991 1391 Bcpm·

69 1408 148 1447 mum
159 1391 311 1468 sanguinis,
331 1388 442 1469 quando
456 1389 596 1468 precedit
611 1390 786 1469 Baptismum
801 1389 939 1451 fluminis.
983 1404 987 1427 ³

111 1470 213 1609 Prope,
232 1470 310 1548 quid
323 1471 486 1551 Baptismus
494 1470 619 1530 flamima
630 1471 757 1551 suppleat
766 1468 913 1531 defectum
923 1470 989 1553 Bap

68 1551 147 1611 tismi
182 1553 293 1612 uminis.

111 1631 150 1690 V.
168 1632 212 1691 R.
231 1632 282 1693 Ex
296 1633 377 1693 ruriia
389 1632 460 1692 locis
473 1633 624 1712 Scripturas
638 1632 742 1701 Sacrm.
762 1631 909 1712 inquibus
921 1633 988 1695 salua

67 1715 236 1792 promittitur
248 1713 311 1774 vere
336 1716 545 1793 poenitentibus,
565 1722 594 1774 et
606 1712 645 1772 ad
660 1714 754 1772 Deum
766 1734 798 1772 aa
812 1718 989 1775 convertenti·

67 1795 121 1853 bus
135 1815 141 1850 :
156 1797 206 1853 sic.
218 1794 327 1854 Erech.
343 1794 388 1857 18.
401 1796 481 1854 mil.
490 1795 524 1854 Si
533 1797 640 1873 impius
646 1796 742 1871 egerit
750 1798 984 1875 penitentum..

68 1879 130 1935 vitu
143 1877 331 1946 vincimen
339 1878 488 1935 morietur.
517 1876 664 1936 Aditum
682 1874 728 1933 10.
751 1895 778 1936 v.
810 1874 858 1937 11.
881 1874 984 1945 Oaroit.

68 1957 268 2034 pur'credittn
292 1954 384 2022 illum.
412 1976 470 2016 nou
494 1956 698 2035 confundetur.
744 1958 783 2016 Et
804 1976 831 2015 v.
850 1954 897 2014 13.
923 1957 985 2025 Qui·

68 2058 191 2118 cumque
210 2039 387 2098 invocaverit
400 2037 514 2098 Nomen
532 2038 661 2106 Domini,
681 2034 778 2097 suiuus
790 2041 858 2097 erit.

70 2162 74 2175 .
111 2119 191 2178 Idem
205 2119 335 2199 probatur
347 2118 479 2198 exemplo
493 2120 627 2193 Cornelii,
642 2120 735 2178 Actor.
750 2118 796 2175 10.
811 2126 842 2177 et
854 2139 892 2177 ax
902 2117 983 2189 Coro.

67 2197 149 2259 Trld.
162 2219 228 2259 sess.
243 2198 272 2259 6.
287 2220 351 2280 cap.
365 2200 395 2261 4.
406 2210 437 2258 at
445 2219 510 2259 sess.
525 2203 554 2261 7.
568 2221 630 2259 cen.
645 2200 673 2258 4.
688 2202 726 2258 de
741 2199 872 2258 Sacram.
894 2203 926 2259 in
937 2220 982 2278 ge

65 2300 143 2350 nere,
164 2290 196 2341 et
206 2300 275 2340 sess.
292 2280 339 2341 ll.
353 2302 418 2361 cap.
427 2283 456 2339 4.
470 2287 538 2342 item
551 2301 589 2340 ex
600 2281 735 2340 damnata
741 2278 791 2341 31.
804 2283 983 2360 propositione

69 2359 190 2421 Be’uua.

107 2382 200 2500 Moba
213 2439 289 2500 idem
304 2441 343 2500 de
358 2444 499 2523 Baptismo
511 2443 664 2519 sauguinis.

107 2520 144 2580 R.
167 2523 215 2583 Ex
230 2523 337 2582 Matth.
352 2543 415 2602 cap.
432 2524 478 2583 10.
503 2544 529 2584 v.
548 2523 598 2582 32.
617 2523 681 2590 Qui
689 2522 874 2592 confitebitur
886 2543 931 2582 mc
943 2542 981 2585 co·

65 2621 128 2662 rum
139 2603 309 2676 hominibus,
323 2603 479 2666 confitebor
487 2614 580 2683 etego
588 2622 653 2663 eum
663 2621 761 2666 emam
774 2604 867 2663 Patre
875 2616 983 2675 memet

65 2705 91 2743 v.
109 2683 160 2746 39.
178 2685 235 2756 Qui
249 2686 413 2764 perdiderit
422 2689 550 2746 animum
560 2706 645 2745 auam
655 2692 777 2765 propter
789 2703 844 2756 ore,
866 2688 986 2747 ruomirt

67 2786 143 2827 cam.
242 2820 246 2825 .

107 2847 185 2907 Haec
197 2849 343 2918 assuatis,
362 2856 461 2928 utpote
479 2843 623 2928 generalis,
645 2846 785 2907 evidenter
796 2847 984 2927 complectitur

65 2947 171 3000 omnes,
189 2930 275 2988 etiem
289 2931 431 3008 parruloa3
452 2930 481 2988 lri
494 2932 570 2990 euim
591 2932 757 2989 confitentur
774 2927 918 2988 Christum
932 2946 983 2989 nor

64 3008 211 3086 loquendo.
226 3010 277 3073 aad
289 3011 440 3080 moriendo,
455 3021 489 3071 ut
502 3015 577 3071 cauit
591 3010 720 3071 Ecclesia
732 3010 769 3069 de
781 3010 895 3070 Sanctis
906 3010 984 3071 irruo·

65 3089 201 3158 cantibus,
222 3109 292 3168 quos
305 3101 339 3149 ut
352 3092 497 3171 Martyraa
509 3091 585 3151 colit.
972 3108 979 3115 '

106 3170 175 3250 Obj.
199 3170 376 3231 Generaliter
389 3171 590 3232 Christusdicit
600 3172 688 3230 ioan.
701 3192 764 3252 cap.
777 3172 807 3230 3.
820 3192 844 3230 u.
859 3173 892 3231 6.
915 3169 987 3231 Nisi

64 3256 131 3329 prsis
143 3257 264 3312 renatus
276 3250 381 3331 fucrit
394 3273 429 3312 ec
439 3271 515 3331 aqua
528 3260 556 3313 ei
570 3251 686 3331 Spiritu
701 3253 818 3323 Sancto,
845 3256 896 3328 ᾆτ.
913 3253 986 3333 Ergo

68 3333 225 3411 Baptismus
238 3332 359 3392 fluminis
379 3343 407 3393 et
420 3336 560 3412 sauguinis
573 3354 629 3393 uun
644 3343 761 3413 possunt
772 3332 902 3413 supplere
915 3338 985 3415 vices

64 3412 203 3490 Baptismi
214 3413 347 3474 fluminis.

106 3493 142 3551 R.
163 3494 194 3551 S.
210 3497 328 3573 August
344 3495 392 3555 lib.
417 3494 464 3553 13.
484 3494 522 3553 dc
539 3495 663 3554 Ciuitate
677 3495 747 3569 Dei,
761 3516 822 3573 cap.
844 3494 864 3553 7
897 3504 917 3531 “
929 3497 988 3567 Qui

62 3573 152 3635 dixit:
187 3573 263 3635 Nisi
274 3580 341 3655 quis
353 3583 483 3648 renatus,
503 3573 556 3636 &c
571 3575 628 3635 alit
640 3578 781 3636 seutentii
794 3579 860 3637 istos
889 3578 987 3653 (Mar-

62 3658 152 3734 tyres)
168 3653 235 3714 fecit
248 3665 388 3735 exceptos,
409 3657 458 3717 ubi
470 3678 527 3719 uou
540 3659 811 3738 mincagenarsliter
819 3656 906 3721 dixit:
926 3661 991 3731 Qui

62 3756 109 3797 me
123 3735 388 3819 coposmsueru,
412 3737 466 3800 &c
