2130 3990
192 196 232 239 nn
252 193 455 241 asermevms
475 196 651 241 sooarrvrs.
847 179 913 241 als

32 339 191 421 Unicuique
203 345 312 421 corpori
323 344 453 416 hmumro,
473 344 540 403 dum
564 344 594 402 in
616 352 696 403 utero
714 341 800 422 jacet,
820 346 908 403 creari

32 442 110 481 mam
124 423 302 501 spiritualem,
328 445 383 483 non
399 425 516 502 amplius
535 426 690 504 ambigitur.
731 423 804 484 Illud
821 434 912 485 restat

32 505 202 578 cudendum,
223 506 278 583 quo
290 505 418 565 nimirum
431 514 556 584 tempore
575 506 604 566 id
616 505 675 568 fiat.
716 505 786 565 Post
799 505 909 567 Aristo-

32 605 83 657 cm,
118 586 165 663 qui
187 589 206 644 e
228 588 329 647 eaeculo
347 587 493 647 undecimo
514 588 586 669 pene
607 608 679 647 unus
703 587 864 647 audiebatur
880 588 910 647 iu

32 667 98 723 solis
113 667 323 743 philosophicis,
342 677 508 728 censuerunt
527 669 707 727 communiter
720 668 856 747 Theologi
880 678 911 729 et

32 746 105 807 :istm
121 768 184 807 cum
195 750 299 827 glossa,
320 751 394 828 qndd
416 750 574 809 infundam
586 751 678 809 anima
696 750 836 809 rationalis
849 770 910 811 eme

32 829 180 906 ’onipleue
193 831 320 907 tommo,
341 831 393 893 etsi
405 850 461 889 non
474 832 601 904 adaucto,
622 830 798 890 corroborato
820 838 850 889 et
872 833 913 891 ad

33 909 162 968 ivitatem
175 911 291 983 idoneo;
323 921 354 972 et
373 913 448 989 qndd
459 913 514 971 ista
525 913 608 991 plena
629 912 755 971 formatio
768 911 911 991 contingat

32 991 158 1049 maribus
171 993 382 1072 quadragesimo
398 994 453 1067 die,
473 993 502 1051 in
515 994 630 1053 femellis
648 993 817 1072 octcmeeimo
830 992 911 1051 circi·

31 1114 39 1130 .
85 1071 187 1131 Aleam
201 1074 311 1135 subiere
325 1074 485 1151 Philosophi
497 1094 530 1133 ac
547 1074 654 1135 Medici
671 1094 773 1152 magno
794 1092 910 1135 numero

32 1173 78 1231 pue
93 1153 130 1212 ad
143 1156 274 1215 seculum
286 1156 423 1236 superius,
441 1175 497 1233 qno
510 1155 603 1215 nubila
621 1155 800 1234 peripatetica
821 1156 912 1215 aliave

32 1233 91 1292 rilia
104 1233 233 1314 disjicere
246 1239 331 1317 coepit
343 1245 447 1297 nature
460 1237 609 1316 indagatio.

32 1313 109 1373 Ante
122 1317 223 1390 omnis,
251 1339 353 1399 magna
364 1319 413 1379 illa
425 1319 556 1395 temporis
568 1317 732 1389 differentia,
751 1336 835 1397 qnam
853 1325 910 1377 ste-

32 1405 43 1455 t
66 1395 252 1474 Philosophus
275 1401 345 1460 inter
372 1398 565 1459 animationem
587 1400 701 1458 masculi
729 1407 758 1459 et
783 1396 912 1471 lemellaec

32 1478 115 1536 trihus
124 1478 271 1557 Peripatds
284 1482 367 1541 etiam
376 1480 538 1559 Discipulis,
551 1481 568 1540 ὸ
581 1501 698 1558 quorum
710 1499 825 1539 numero
838 1478 909 1539 Dia-

32 1602 37 1629 ,
50 1559 178 1620 fabulosa
187 1563 304 1627 videtur.
347 1562 420 1631 Quis
433 1564 548 1636 nesciat,
561 1562 693 1641 gemellos
707 1561 812 1621 diversi
819 1564 912 1645 ¹semis

32 1642 89 1699 lem
103 1643 319 1716 pertuinlncem
329 1637 456 1703 effundi?
478 1643 509 1701 Si
519 1652 611 1702 antem
618 1643 700 1701 simul
710 1648 911 1713 maturuerunt,

35 1724 93 1780 umi
106 1725 260 1783 orirentur:
281 1746 331 1787 cur
343 1746 398 1784 non
411 1725 492 1803 seque
505 1726 585 1791 simul
599 1726 634 1783 ed
647 1724 842 1785 animationem
850 1723 910 1781 ido·

32 1803 115 1861 isunt
130 1803 245 1865 effecti?
733 1822 737 1831 ·

32 1883 156 1944 Aliunde
169 1896 275 1947 certum
288 1898 340 1961 est,
360 1887 452 1947 statim
474 1895 538 1966 post
558 1888 765 1965 conceptionem
785 1889 830 1947 vel
853 1905 910 1944 em-

32 1965 106 2041 ronis
119 1965 267 2047 cujuslibet
276 1970 418 2029 materiam
431 1969 580 2047 coagulari,
601 1977 631 2027 et
641 1969 774 2046 pasrlatim
786 1966 913 2046 effigiari,

32 2058 72 2105 rta
84 2048 229 2127 antiquum
241 2049 436 2109 commistionis
459 2050 594 2108 seminum
607 2055 729 2129 systema
739 2050 767 2121 ;*
786 2050 831 2109 vel
852 2066 911 2131 esn-

32 2128 106 2197 renis
123 2126 185 2208 jam
198 2139 263 2191 tnnc
285 2131 394 2190 sonanti
416 2130 540 2190 membra
563 2131 694 2208 explicari
718 2141 750 2191 et
770 2131 912 2209 adaugeri,

32 2216 72 2267 rta
84 2211 228 2287 vulgatam
240 2233 313 2271 nunc
333 2221 362 2271 et
382 2210 555 2288 Philosophia
574 2211 748 2290 Medicisque
771 2220 914 2288 acceptam

32 2290 79 2355 nii
92 2292 234 2351 muliebris
247 2294 441 2364 sententiam.†
483 2291 571 2351 Porro
585 2293 763 2353 conformatio
776 2301 825 2353 aut
843 2313 913 2372 aug-

32 2378 116 2429 ntum
130 2375 253 2451 corporis
268 2374 403 2432 inflexum
414 2373 512 2433 animae
527 2374 641 2453 exigere
655 2375 772 2435 videtur.

32 2450 200 2513 Difficultati
213 2474 358 2515 occurrere
378 2456 495 2515 tentavit
511 2454 707 2529 Aristoteles,‡
727 2453 914 2535 imaginando,

32 2540 91 2591 tum
104 2536 194 2610 primd
207 2537 303 2596 vivere
322 2537 380 2596 vitei
393 2538 502 2615 plante,
522 2537 622 2595 deinde
644 2538 702 2597 vitei
714 2534 858 2602 sensitivri,
880 2555 914 2593 ac

32 2614 105 2673 idem
122 2616 181 2674 vitis
204 2619 300 2679 animae
321 2619 503 2678 intellectivae.
544 2619 602 2676 Sed
624 2618 796 2696 ingeniosum
818 2617 915 2675 inven-

32 2697 143 2755 nnullo
161 2700 249 2757 solido
272 2701 449 2760 fundamento
472 2700 607 2772 innixum,
627 2719 679 2758 nee
691 2698 814 2775 plurimis
838 2695 914 2755 Aca-

32 2777 92 2835 niis
106 2797 196 2856 usque
209 2781 290 2839 modi)
300 2782 412 2857 placuit.
454 2779 542 2839 Sicuti
558 2782 631 2838 enim
645 2789 700 2839 tres
711 2780 815 2861 animas
830 2796 915 2836 coex-

32 2866 111 2916 entes
125 2879 181 2917 non
200 2862 344 2934 habemus,
357 2863 408 2921 sed
420 2882 503 2921 unam
516 2868 632 2934 tantum,
652 2881 714 2939 qua
728 2859 820 2918 omnia
833 2857 915 2917 simul

32 2941 202 3016 vegetantiS,
223 2951 250 3000 et
265 2944 417 3015 sentientis,
437 2952 465 3000 et
477 2943 616 3002 rationalis
638 2960 752 3000 munera
775 2940 916 3017 adimplet,

42 3020 178 3080 credibile
190 3034 313 3101 apparet,
333 3024 404 3082 hnrrc
428 3024 514 3082 solam
538 3024 657 3082 animam
680 3023 872 3083 intellectivam
887 3021 916 3077 in

32 3108 92 3159 tum
106 3102 225 3179 immitti,
246 3114 276 3163 ut
287 3104 433 3182 praesentiat
446 3107 496 3163 sut
517 3105 647 3183 vitalique
660 3103 768 3165 influxu
786 3121 917 3179 coopere-

32 3200 37 3217 ·
51 3183 219 3243 omnimoda
242 3187 327 3261 ipsius
346 3186 554 3246 contomnaticni
568 3208 575 3256 3
597 3195 627 3245 et
638 3191 673 3247 ed
685 3186 774 3264 magis
787 3184 842 3242 fide
855 3183 914 3260 dig-

32 3282 71 3335 m,
92 3266 168 3340 quod
178 3266 319 3325 delinitum
333 3268 451 3326 fueritin
462 3267 588 3325 Concilio
601 3267 722 3346 generali
737 3265 916 3336 Viennensill

32 3344 115 3402 imam
129 3345 323 3406 intellectivam
338 3371 387 3406 scu
400 3349 560 3407 rationalem
574 3369 673 3425 corpus
682 3349 830 3405 humanum
841 3347 918 3418 veri,

32 3444 44 3481 r
59 3445 90 3483 se
106 3435 136 3484 et
150 3429 331 3488 essentialiter
341 3431 495 3488 informare.

32 3626 109 3675 'vid
126 3629 195 3677 dens.
205 3629 229 3677 in
245 3645 270 3678 v.
285 3633 306 3678 1.
316 3640 341 3681 et
352 3634 376 3680 2.
394 3647 446 3695 cap.
459 3632 483 3687 7.
496 3632 524 3681 L.
537 3633 593 3694 Sup.
626 3632 716 3688 tAstr.
726 3629 756 3680 de
767 3633 844 3679 morb.
858 3629 918 3679 mul.

32 3690 188 3805 ξωλὲῑαιᾶ
224 3693 296 3757 irip.
315 3697 380 3760 Sylv.
400 3698 459 3744 inl.
480 3712 504 3758 p.
523 3696 615 3757 mlle.
633 3702 679 3745 art.
693 3696 718 3745 2.
764 3696 776 3753 ΙΙ
789 3694 841 3743 Rel.
855 3696 877 3743 1.
894 3694 919 3787 lq
