2130 3990
221 191 261 236 ors
288 192 506 238 nucusursrm.
774 166 842 247 '291

42 336 133 396 ciebus
158 339 273 419 quando
301 339 337 397 ob
362 338 463 399 barum
492 341 694 421 corruptionem
721 338 847 400 desiisset

42 422 70 477 ia
83 419 170 478 Panis
184 428 213 479 et
226 419 303 492 Vini,
326 423 350 480 si
363 441 420 480 non
432 421 533 481 fuisset
544 421 619 482 facta
634 422 825 481 consecratio.

64 503 200 581 corruptis
233 521 283 560 seu
307 500 498 562 desinentibus
524 502 678 582 speciebus,
715 500 847 561 Christus

42 600 74 639 on
91 581 217 650 discedit,
240 592 268 643 et
282 584 369 644 multd
384 585 476 642 minus
491 586 690 664 corrumpitur3
713 602 764 642 seu
779 584 847 643 sim·

42 662 86 720 rub
100 662 134 721 iis
147 662 251 721 desinit
263 685 324 722 esse
337 663 496 744 productus.

42 744 162 813 luamdiu
191 754 287 803 autem
314 745 357 804 vel
385 747 415 804 in
437 745 591 812 stomacho,
614 745 655 804 vel
670 745 846 806 alitersslvae

42 833 50 882 t
76 828 182 904 species
210 830 277 885 satis
304 828 439 886 incertum
461 835 522 901 est;
544 824 648 886 saltem
668 827 724 885 dici
738 829 846 906 nequit,

42 924 87 963 rox
114 915 177 985 post
198 908 383 987 sumptionem
409 906 557 967 desinant:
578 927 616 966 ex
631 926 686 987 quo
701 907 848 969 corollaria

51 992 160 1126 pptatpl
169 986 255 1066 digna
269 986 386 1047 deducit
410 988 542 1048 Pauwals
556 996 634 1048 tomo
647 990 675 1048 2.
688 1009 752 1069 cap.
770 986 816 1050 13.
831 994 847 1064 §

92 1108 112 1140 0,
162 1089 185 1127 o·

45 1147 102 1206 alia
128 1148 312 1220 autemdicit,
334 1151 416 1211 ualde
440 1149 585 1230 probabile
601 1171 671 1223 esse,
692 1149 768 1231 quod
792 1150 847 1210 boc

42 1237 128 1290 tntum
143 1230 271 1289 conferat
284 1250 351 1291 suos
372 1230 489 1290 effectus
503 1251 558 1290 non
573 1233 667 1291 solum
681 1232 709 1290 in
726 1231 846 1292 mandu-

52 1331 102 1370 seu
130 1310 302 1390 deglutiens,
325 1313 374 1372 sed
397 1317 483 1372 etiam
510 1311 616 1371 tamdiu
646 1333 680 1372 ac
719 1316 847 1373 recentia

42 1392 117 1451 iurat
136 1395 164 1450 in
179 1394 342 1454 stomacho:
365 1401 568 1473 consequenter
580 1395 690 1454 summe
700 1333 847 1454 daudabilo

42 1494 81 1532 sm
92 1493 141 1569 por
155 1474 231 1533 boroe
245 1476 430 1553 quadrantem
442 1472 548 1533 harere
562 1472 717 1555 intemplo,
732 1494 847 1555 seseque

42 1574 68 1615 re
94 1574 123 1613 m
147 1557 244 1635 spiritu
272 1556 426 1615 devotionis
450 1564 480 1613 et
512 1554 713 1624 meditationis,
748 1566 782 1615 ut
808 1559 848 1616 sic

43 1636 77 1694 ur*
88 1639 252 1695 continuum
266 1639 359 1717 gratie
373 1643 565 1716 augmentum.

42 1717 143 1776 >sindo
166 1718 241 1795 quod
256 1721 504 1787 communicantes,
527 1724 556 1777 et
568 1720 735 1779 nominatim
750 1719 847 1778 Sacer·

42 1819 74 1857 on
89 1801 184 1857 statim
199 1800 305 1878 possint
317 1819 376 1858 sese
388 1807 546 1859 convertere
560 1799 595 1859 ad
604 1799 714 1859 fabulas
721 1808 751 1858 et
764 1820 846 1859 mun·

42 1881 152 1960 lloquia,
172 1880 222 1938 sed
236 1880 331 1961 aliquo
351 1890 476 1960 tempore
489 1899 550 1938 sese
574 1889 667 1940 tenere
682 1879 805 1940 debeant
817 1883 847 1939 in

53 1971 82 2018 et
105 1959 209 2040 perfrui
238 1963 303 2020 Deo
329 1982 389 2020 suo.
430 1961 556 2023 Ulterius
571 1960 609 2020 ad
633 1964 780 2022 minimum
795 1980 847 2041 per

42 2041 190 2100 ‚adrantem
205 2045 335 2102 convenit
355 2042 496 2102 abstinere
510 2045 529 2105 ti
543 2043 606 2101 cibo
620 2031 732 2123 at'potu
748 2062 847 2121 corpo·

43 2126 72 2182 ia
96 2122 228 2182 indecens
256 2134 307 2195 est,
331 2124 425 2183 cibum
440 2124 613 2203 corporalem
634 2123 766 2206 spirituali
780 2142 846 2183 oon·

45 2206 74 2262 ‘m
88 2204 243 2263 stomacho.

42 2290 101 2342 tem
116 2285 170 2344 haic
196 2288 339 2345 occasione
351 2285 475 2354 observa,
496 2286 532 2345 de
553 2295 680 2365 tempore
691 2287 720 2345 in
735 2295 846 2364 tempus

42 2385 51 2424 r
79 2368 105 2424 in
122 2366 353 2426 Remonstrantia
373 2388 433 2426 esse
446 2367 651 2431 renovandam:
674 2375 782 2426 ettunc
797 2386 847 2427 no·

42 2446 140 2526 ‚quod
168 2447 304 2506 Sacerdos
331 2447 432 2506 debeat
457 2468 620 2514 consecrare
643 2448 713 2506 duas
726 2448 846 2527 majores

42 2548 151 2588 ¹unam
175 2528 331 2608 ponendam
359 2533 387 2588 in
412 2530 650 2598 Remonstrantia,
673 2536 701 2587 at
727 2528 844 2588 alteram

42 2630 80 2668 rm
95 2617 159 2668 anto
173 2613 318 2689 antiquam
344 2610 592 2669 Remonstrantiae:
616 2612 682 2687 quia
705 2610 846 2669 Sacerdos

42 2701 123 2770 cepto
150 2691 242 2749 divino
265 2698 376 2749 tenetur
401 2693 565 2771 participare
588 2690 624 2750 de
637 2710 687 2749 suo
701 2690 845 2751 Sacrificio

42 2791 98 2851 que
111 2772 205 2851 specie
219 2772 465 2830 communicando.

42 2853 92 2911 lem
108 2853 308 2911 observandum
323 2854 396 2911 circa
410 2854 577 2932 antiquiores
593 2852 710 2911 Hostias
724 2855 844 2913 minores

42 2944 112 3004 stes3
135 2954 189 3012 qno
217 2937 291 2992 circa
312 2935 399 2991 etiam
413 2945 489 3003 nota,
513 2933 654 2991 Ciborium
669 2934 705 2992 de
720 2943 844 3014 tempore

42 3037 71 3074 us
99 3015 193 3072 debite
207 3035 268 3072 esse
290 3014 504 3092 purificandum,
526 3034 561 3072 ne
576 3018 745 3093 antiquiores
759 3018 844 3096 parti·

42 3096 186 3155 lhrerentes
213 3096 302 3175 pixidi
326 3095 428 3154 ibidem
448 3106 664 3173 corrumpantur,
686 3097 730 3163 vel
744 3099 844 3156 saltem

42 3178 256 3255 nultiplioentur.
300 3175 387 3236 Unde
415 3176 491 3236 nullo
518 3175 604 3234 modo
631 3176 776 3256 probanda
803 3182 847 3238 est

45 3259 143 3325 lorum,
166 3260 224 3337 qui,
240 3278 295 3316 non
309 3256 455 3337 purificato
470 3257 590 3324 Ciborio,
604 3277 714 3336 semper
728 3257 846 3318 Hostias

42 3350 210 3406 casseratas,
226 3343 375 3418 imponunt
386 3346 608 3417 superrestantss
619 3340 770 3417 particulas
778 3360 845 3399 con·

42 3467 48 3488 ,
70 3425 122 3479 etsi
136 3421 246 3479 abesset
258 3440 340 3477 omne
355 3421 534 3498 corruptionis
547 3419 712 3497 periculum.

42 3501 154 3574 Casum,
176 3522 230 3580 qno
243 3501 409 3559 miraculose
423 3503 452 3559 in
469 3501 521 3558 boc
535 3499 716 3558 sacramento
730 3507 849 3579 apparet

42 3583 157 3662 languis,
178 3582 223 3640 vel
249 3601 327 3661 puer,
349 3589 498 3660 pertractat
520 3583 552 3638 S.
566 3580 672 3640 Tbom.
687 3590 785 3661 quest.
799 3581 850 3640 76.

42 3674 59 3723 rt
71 3665 212 3722 Authores
226 3666 335 3739 passim.

42 3800 44 3805 ,
59 3745 99 3818 fit,
124 3745 190 3805 dum
206 3743 282 3805 Vino
297 3751 455 3804 consecrato
469 3741 635 3804 admiscetur
654 3741 726 3804 alius
740 3739 851 3827 liquori

343 3844 397 3905 2³
