2130 3990
117 156 174 225 128
394 208 400 217 -
493 175 665 227 mutatus
692 190 711 207 =·

156 324 268 385 Deinde
289 326 376 386 etiem
396 327 489 406 colligi
512 336 604 408 potest
616 348 655 388 ex
667 327 755 388 nerbir
767 335 797 387 et
809 316 906 402 inodo,
933 322 1032 408 quibua

116 405 246 466 Christus
269 407 450 469 Sacramenta
467 411 598 477 inetituit,
620 430 644 467 r.
658 428 686 486 g.
710 411 777 469 rium
790 408 882 469 dixit:
904 408 1032 476 Quom
1056 378 1059 441 l

113 489 290 548 remiseritis
297 487 1033 570 peccata..etpuerumretirruerr'tr'e‚&n.quaerarlrr

114 579 292 710 rrnppppunt,f
306 569 468 631 Ministrum
482 591 520 630 ex
532 573 670 652 preponito
682 580 711 633 et
723 570 926 631 delibemu'cne
938 571 1030 633 Sam

115 668 183 710 men
224 668 276 710 cnn
288 670 355 712 erre.
605 694 609 703 .
783 700 785 705 .

158 730 347 792 confirmatur
365 753 405 793 ex
424 735 530 793 radone
551 733 583 791 S.
597 732 719 793 Thomu
736 731 784 792 hic
796 752 824 793 e.
837 732 868 794 8.
881 733 911 791 in
928 733 1030 811 Carpo

116 815 136 847 “
149 811 272 882 Quando
293 814 399 893 aliquid
417 835 447 873 ae
460 814 547 874 hebet
568 813 605 873 ad
628 814 722 883 multa.
745 820 865 893 oportet,
888 813 965 893 pund
986 832 1032 895 prr

117 892 227 968 aliquid
249 893 445 956 determinetur
464 895 500 954 ad
523 915 619 968 unum,
641 898 663 954 si
681 893 748 954 iilud
768 892 841 954 effici
856 893 975 955 dabam:
998 914 1031 955 re

115 977 189 1045 vern,
201 994 263 1052 quae
274 977 304 1035 iu
318 978 506 1039 Saea-amentia
518 987 645 1053 aguntur,
654 983 768 1054 ponunt
776 974 961 1037 diremimndi
971 976 1029 1053 ugi3

116 1057 190 1114 aicut
212 1054 320 1116 ablutio
339 1078 429 1134 aqnae,
453 1077 514 1136 qua
536 1057 570 1116 fit
588 1059 617 1116 in
638 1057 788 1135 Ba'ptirme,
811 1065 903 1135 potent
914 1055 1031 1115 ordinari

116 1142 147 1197 el
159 1135 195 1195 ad
210 1136 375 1198 munditiam
386 1138 566 1218 corporalem,
580 1147 610 1198 et
629 1139 778 1197 uanitatem
802 1137 990 1216 corporalem..
1004 1144 1031 1197 'ai

117 1216 155 1276 ad
178 1217 284 1277 ludum.
337 1221 377 1279 Et
389 1219 452 1279 ideo
464 1226 579 1298 eportet
590 1219 666 1297 quud
677 1217 876 1277 determinetur
888 1217 927 1277 ad
940 1222 1032 1292 noim,

116 1297 210 1364 idest.
232 1299 269 1359 ad
291 1300 522 1362 sacramentalem
542 1298 674 1359 affectem
694 1296 1030 1379 perintentienernairln·
1056 1324 1059 1355 ι

114 1379 218 1439 οοῑὶε.”
837 1430 840 1435 .
893 1418 896 1435 .
954 1432 960 1437 ,
1053 1396 1059 1433 r

159 1461 257 1531 Qualia
269 1463 419 1542 r'equ'iritur
429 1464 548 1523 intentio
557 1481 594 1520 ex
603 1468 681 1542 purte
691 1459 812 1540 subjecti
821 1479 875 1521 eeu
888 1456 1031 1521 Mirrada-t
1050 1470 1059 1515 Ι

160 1538 203 1602 ΙΙ.
214 1543 253 1602 R.
268 1543 442 1618 Notandum,
455 1543 529 1623 qudd
542 1545 659 1602 intentio
672 1543 709 1603 rit
721 1551 801 1600 actu·
812 1543 965 1602 uoluntati·
973 1546 1029 1601 tan·
1050 1552 1059 1595 t

119 1621 209 1682 dentis
222 1627 250 1684 ia
274 1625 377 1685 finem:
398 1625 473 1685 unde
485 1625 601 1683 intentio
617 1624 771 1683 necessaria
784 1623 813 1681 in
827 1622 959 1683 Ministro
970 1642 1028 1681 con·
1047 1638 1059 1675 1

115 1706 188 1765 nictit
206 1705 235 1764 in
258 1715 324 1765 antu
348 1707 411 1787 ejus
423 1705 578 1772 voluntatis,
602 1724 657 1785 quo
669 1703 728 1763 nult
738 1704 876 1763 actionem
890 1698 1059 1779 examen?

118 1786 356 1846 Sacrameniieub
368 1789 474 1848 ratione
486 1782 606 1845 fmiendi
620 1784 693 1865 quud
706 1782 775 1843 lecit
785 1782 924 1843 Ecclesia.
954 1790 957 1795 '
1017 1794 1021 1799 ·
1043 1792 1059 1837 r

160 1864 214 1925 Ill.
231 1866 352 1927 Intentio
365 1878 459 1928 autam
472 1868 523 1927 iiia
534 1886 570 1924 ex
586 1864 792 1945 palteauitjecti
801 1863 933 1943 distingui
946 1870 1027 1944 potui
1044 1880 1059 1917 ι

119 1946 304 2026 quadruplex,
318 1950 425 2011 scilieet
437 1947 552 2009 actualia
564 1966 612 2007 reu
626 1945 759 2012 formalia,
779 1946 912 2016 virtualis,
926 1944 1026 2005 babitu·
1044 1962 1059 2031 ξ

118 2028 169 2087 ulie
182 2033 438 2109 etintcrpretatira.
1045 2053 1059 2079 =

159 2109 297 2171 Quaenam
312 2112 411 2174 dicitur
423 2112 541 2189 intentio
554 2105 696 2168 actualia?
961 2180 965 2187 Ι
1052 2126 1059 2143 ·

161 2186 216 2251 IV.
243 2193 280 2252 R.
307 2195 361 2253 Est
370 2186 373 2191 ’
382 2212 501 2274 presens
519 2198 549 2251 et
561 2189 676 2250 actualia
688 2187 776 2248 animi
788 2186 937 2269 applicatio
949 2184 985 2247 e'd
997 2184 1028 2261 il,
1055 2234 1059 2239 .

119 2272 194 2353 quiid
207 2273 359 2336 deliberati
371 2277 466 2354 ngr‘tun
1051 2286 1059 2321 :

160 2353 207 2413 An
231 2355 293 2416 hac
309 2358 430 2437 requirit,
449 2362 481 2414 ut
494 2356 553 2435 quie
565 2350 649 2412 corde
661 2349 704 2409 rel
717 2370 766 2410 ore
777 2348 931 2410 formaliter
943 2345 1030 2408 diuet:
1051 2364 1059 2371 ·

119 2435 245 2577 intendpz,
254 2440 315 2578 rope
324 2438 377 2497 inec
389 2436 488 2507 iacere,
504 2433 558 2494 &a
572 2453 597 2492 r.
611 2452 638 2512 g.
651 2430 766 2494 intendo
778 2420 928 2511 baptizare,
943 2442 1030 2489 cotua-

116 2534 191 2575 crare
242 2538 270 2579 c.

160 2561 201 2659 ili
215 2600 369 2680 Negativc3
391 2599 439 2658 ned
462 2592 575 2669 rufficit,
597 2594 672 2674 quod
692 2593 729 2654 ad
742 2590 925 2654 minirtrande
938 2589 1032 2651 Sacra·

118 2689 349 2750 mentuvocaius,
372 2689 402 2740 et
424 2680 460 2739 nd
477 2680 526 2740 iiia
544 2698 575 2737 sc
588 2679 745 2755 accingens,
759 2682 913 2736 reverenter
925 2671 1033 2751 iunipiri

117 2771 289 2824 contrectare
309 2764 462 2835 materiam,
484 2762 536 2819 irc.
578 2759 706 2837 Haecque
727 2757 844 2819 intentio
855 2755 908 2815 erit
919 2752 1033 2815 actualia

116 2847 265 2923 implicita,
278 2865 326 2905 eeu
340 2849 369 2905 in
382 2854 448 2903 actu
460 2842 590 2902 exercito.
788 2894 791 2899 ,
1027 2884 1030 2891 .

161 2928 224 2986 imo
247 2924 436 3007 improbanda
457 2930 520 2983 eunt
532 2921 693 3001 r'cmpuloeoe
706 2917 761 2978 iiie
773 2916 942 2978 reflexiones
954 2930 1034 2993 nuper
1056 2954 1059 2959 -

116 3012 179 3088 ipsa
191 3010 350 3076 intentione,
365 3014 462 3086 utpote
476 3023 536 3083 qua
549 3000 703 3080 impedient
716 2997 899 3068 devotionem,
914 3005 945 3055 et
953 3002 1036 3075 rapat

114 3093 175 3170 ipen
185 3088 295 3167 objecto
308 3090 385 3147 antlia
398 3086 555 3145 diminuant
565 3084 757 3142 attentionem.
871 3138 874 3145 ,

159 3170 198 3229 V.
215 3162 247 3227 V
244 3170 362 3229 inualr'n
372 3175 416 3226 eat
433 3165 482 3224 ille
491 3184 547 3243 qua
559 3166 620 3242 quia
633 3164 660 3222 vi
671 3161 831 3221 intentionis
842 3155 960 3217 aemuia
968 3162 1036 3219 auin

117 3251 228 3321 habita,
243 3260 273 3310 et
294 3247 433 3309 moraliter
454 3246 549 3305 adhuc
570 3244 776 3324 perseverantia,
795 3239 838 3301 nui
856 3248 1034 3318 compoe'ep·

116 3333 203 3412 plicet
223 3353 255 3392 re
276 3330 314 3391 ad
336 3328 482 3410 egendum,
504 3335 533 3386 et
553 3327 584 3387 in
603 3326 723 3385 actione.
736 3320 917 3402 progreditur,
935 3316 1036 3381 audoin

115 3414 239 3492 aliquam
262 3413 363 3472 mentia
386 3409 578 3488 evagationem
590 3426 648 3467 non
665 3405 782 3469 &vertit
803 3402 965 3463 intentionie
977 3416 1039 3461 aue·

24 3510 27 3515 ·
113 3493 255 3573 objectum
267 3492 376 3566 eireid,
388 3491 463 3567 quad
474 3489 553 3550 facit.

155 3574 208 3634 VI.
224 3568 346 3634 intentio
359 3571 515 3633 habitualis
527 3570 651 3631 conrintit
662 3570 691 3631 in
715 3562 893 3646 diepceitione
903 3560 1037 3643 quadam

113 3654 205 3734 acirim
224 3655 378 3717 hebituaiit
400 3653 495 3735 ¹qualia
517 3661 560 3714 eet
582 3652 707 3715 rotante
724 3647 860 3730 preterita
869 3645 1038 3724 interrupta.
