2130 3990
350 218 391 262 ne
412 217 631 262 nucsrarsrrs.
891 190 954 263 209

65 362 92 424 Ι.
117 364 156 424 R.
178 364 224 425 De
237 360 294 424 tide
307 370 359 439 est,
379 365 450 425 nihil
476 364 576 424 referre
590 364 627 423 ad
653 363 800 423 essentiam
814 382 863 421 seu
877 365 952 425 valo-

40 465 85 505 ern
99 447 285 521 sacramenti,
302 449 360 506 sive
373 454 548 507 consecretur
570 446 650 524 panis
671 445 862 512 fermentatus,
897 447 955 504 sire

40 546 57 586 ι
83 547 155 586 mus.
245 586 248 591 .

57 548 256 668 l'robsturex
282 611 370 668 Cone.
394 608 470 667 Flor.
491 610 520 666 in
536 618 587 666 art.
613 606 695 667 Fidei
717 610 735 665 ci
758 606 866 667 Grecis
886 606 952 666 sub-

40 690 138 768 cripto,
157 689 340 749 ubidicitur:
373 693 392 723 ⁴‘
403 689 563 748 Definimus
577 693 698 767 insuper,
718 691 746 746 in
762 708 876 766 azymo,
896 692 953 747 sire

40 768 234 830 rfermantato
242 786 314 849 pane
337 773 447 830 triticeo
469 773 576 849 Corpus
601 770 707 828 Christi
730 770 864 829 veraciter
886 791 952 829 con·

42 851 102 909 ci.''
146 852 229 912 Patet
241 855 327 911 etiarn
341 872 379 910 ex
393 871 438 924 eo,
459 853 534 930 quod
548 860 665 930 uterque
689 853 725 909 sit
744 869 825 908 verus
845 859 874 909 et
888 870 951 930 pro·

40 932 85 992 rie
98 931 190 992 dictus
205 934 288 992 Panis
300 935 433 993 triticeus.
765 940 770 951 ¹

63 1012 146 1073 Hinc
162 1014 290 1075 Ecclesia
303 1034 359 1072 non
383 1012 562 1092 reprehendit
575 1033 656 1071 usum
673 1012 808 1072 Ecclesiae
834 1012 951 1086 Graecae,

40 1092 259 1154 sdcondernnat
271 1093 396 1155 schisma
409 1104 438 1153 et
453 1095 578 1153 heresim
606 1094 768 1153 Graecorum
795 1094 952 1153 schismati·

40 1194 133 1249 nrum,
153 1176 202 1255 qni
221 1174 377 1255 improbant
399 1174 535 1234 Ecclesiae
561 1164 681 1233 ⁸Latinae
710 1176 950 1248 cousuetudinem,

40 1256 180 1327 terendo,
203 1256 281 1316 illam
295 1277 356 1315 esse
365 1266 462 1317 contra
475 1259 619 1315 veritatem
635 1257 816 1314 Sacramenti.

65 1337 105 1396 ll.
129 1338 254 1396 Tenetur
265 1346 361 1396 tamen
376 1339 565 1416 unusquisque
590 1336 727 1395 Sacerdos
739 1357 846 1395 servare
866 1339 951 1396 ritum

40 1424 52 1476 t
64 1418 299 1478 consuetudinem
312 1439 370 1478 suar
387 1419 535 1489 Ecclesiae,
551 1421 689 1476 utiterum
703 1417 823 1477 habetur
836 1439 873 1476 ex
885 1419 950 1478 Flo·

40 1505 93 1558 eut.
107 1500 136 1557 in
151 1498 260 1559 decreto
274 1503 402 1559 unionis:
424 1508 455 1558 et
477 1501 549 1557 hanc
563 1499 759 1576 obligationem
774 1501 814 1556 ita
840 1519 951 1577 gravem

40 1587 151 1657 eputaut
165 1581 326 1661 plerumque
340 1580 488 1658 Theologi‚
519 1589 551 1639 ut
564 1589 698 1647 asserant,
720 1600 811 1658 neque
825 1582 860 1637 ad
875 1601 950 1638 com·

40 1661 226 1721 runicandum
240 1664 388 1732 infirmum,
410 1682 501 1741 neque
515 1670 547 1718 ut
562 1662 678 1738 populus
692 1660 736 1718 die
758 1659 828 1719 festo
852 1661 950 1719 audiat

40 1740 153 1812 lissam,
175 1743 259 1803 licere
272 1743 349 1801 huuc
371 1745 453 1802 ritum
476 1752 657 1821 pervertere:
679 1741 727 1800 sed
750 1743 777 1799 in
802 1741 861 1799 solo
883 1763 949 1800 casu

40 1824 178 1900 rtegrandi
192 1823 380 1898 Sacrificium,
405 1825 472 1903 puta
484 1826 506 1881 si
522 1822 662 1880 Sacerdos
678 1823 796 1881 Latinus
809 1830 872 1901 post
884 1843 949 1881 con·

40 1913 159 1963 ceratam
173 1913 319 1985 utramque
336 1909 459 1981 speeiem
474 1903 698 1983 deprehenderet
721 1906 843 1982 speciem
866 1903 950 1963 Panis

42 2027 48 2040 .
67 2002 98 2063 g.
119 2004 181 2044 esse
195 1985 411 2046 substantialiter
425 1984 627 2058 defectuosum,
656 2005 708 2043 nec
722 1995 814 2064 posset
841 1985 949 2044 Panem

40 2084 157 2145 zymnm
171 2065 305 2127 obtinere.

60 2146 141 2216 Quid
155 2148 184 2206 iu
199 2147 253 2207 hoc
266 2155 369 2228 puncto
382 2145 520 2226 agendum
536 2146 733 2223 Sacerdptibus
749 2147 869 2220 Graecia,
882 2145 949 2205 dum

40 2236 230 2287 cmmorantur
243 2231 271 2288 in
285 2228 413 2308 partibus
427 2229 600 2300 latinorum,
622 2235 650 2286 et
662 2228 680 2286 ὲ
694 2227 816 2288 contra?

62 2308 100 2366 It.
125 2313 164 2366 1⁰·
189 2308 219 2366 Si
233 2311 305 2368 inter
319 2308 434 2369 Latinos
457 2313 492 2368 sit
507 2307 637 2367 Ecclesia
661 2309 770 2368 Graecis
797 2308 947 2379 destinata,

40 2398 134 2450 suetur
147 2390 186 2448 ibi
201 2389 314 2449 Graecus
331 2390 466 2450 Edclesiae
485 2409 543 2450 sura
571 2392 656 2449 ritum
681 2410 809 2450 servare:
830 2388 905 2447 idem
934 2389 951 2446 e

40 2489 152 2530 nnverao
166 2470 201 2530 de
216 2469 334 2530 latinis.

58 2548 103 2607 2⁰·
125 2551 157 2610 Si
175 2551 239 2611 talis
255 2551 383 2610 Ecclesia
404 2550 545 2612 destinata
557 2572 613 2610 non
628 2554 672 2621 sit,
694 2561 724 2610 et
745 2550 864 2610 Graecus
877 2553 949 2610 inter

40 2635 139 2691 ntinos
163 2642 282 2692 versetur
295 2640 428 2711 tanquam
442 2637 620 2711 peregrinus3
644 2642 712 2691 tunc
737 2635 840 2710 passim
855 2632 952 2691 dicunt

40 2713 172 2787 rutheros,
193 2714 268 2793 quod
289 2715 376 2792 possit
398 2715 439 2773 vel
458 2714 591 2774 Ecclesia
606 2713 770 2772 Latinorum
796 2735 826 2771 se
840 2713 950 2771 confor-

40 2813 109 2868 rarc,
126 2794 212 2872 juxta
239 2795 363 2872 regulam
385 2793 421 2852 de
443 2795 519 2873 Lege
532 2796 632 2866 locali3
656 2794 698 2852 vel
726 2798 821 2867 etiam,
842 2795 952 2853 secluso

39 2876 164 2944 cendalo,
186 2879 305 2956 proprias
321 2875 459 2934 Ecclesiae
476 2896 582 2934 morem
596 2884 701 2948 tencre,
716 2875 789 2953 quod
800 2875 867 2934 huic
879 2875 949 2952 Legi

40 2961 62 3013 st
74 2956 219 3035 speciale:
241 2957 316 3015 idern
332 2956 428 3014 dicunt
442 2956 476 3014 de
493 2957 596 3015 Latino
610 2958 637 3015 in
649 2956 762 3013 Graecia
772 2958 928 3036 peregrino.

59 3036 119 3095 Ill.
142 3037 202 3095 Alii
215 3047 321 3111 tamen,
334 3046 367 3095 ut
379 3037 497 3107 dueum,
515 3038 620 3110 Gonet,
636 3035 766 3108 Billurat,
798 3033 853 3094 &a
868 3039 950 3094 susti·

40 3127 94 3181 ent,
119 3119 192 3194 quod
207 3123 235 3176 in
249 3139 316 3177 casu
332 3121 448 3197 quisque
473 3118 573 3178 debeat
595 3137 700 3176 servare
727 3120 812 3175 ritum
835 3118 950 3196 propriae

40 3217 77 3255 ιε
94 3198 240 3265 Ecclesiae.
261 3221 314 3258 nec
328 3200 446 3259 liberum
462 3202 498 3257 sit
510 3219 539 3256 se
553 3198 747 3257 consuetudini
761 3199 874 3257 alterius
891 3197 948 3255 Ec-

40 3279 112 3337 lesiae
124 3280 315 3339 conformare:
336 3278 486 3339 fundantes
499 3300 529 3338 se
543 3281 572 3340 in
587 3281 705 3359 epistola
720 3280 824 3337 Leonis
841 3277 894 3337 lX.
910 3277 949 3337 ad

40 3360 197 3421 lichaelem
214 3360 403 3420 Patriarcham
420 3361 773 3440 Constantinopolitanum‚
789 3361 853 3418 etin
867 3357 951 3418 Bulla

40 3441 66 3503 li
80 3439 118 3500 V.
133 3440 325 3502 Providentia
340 3442 375 3500 de
388 3463 462 3501 anno
478 3440 565 3500 1566.
581 3446 704 3519 citatque
718 3443 802 3498 etiam
829 3440 951 3499 Billuart

42 3523 256 3582 sustitutionem
287 3523 433 3582 Benedicti
458 3521 543 3583 XIV.
572 3542 655 3601 super
684 3520 848 3581 Graecorum
874 3518 985 3579 thi·l

40 3623 79 3672 rs,
102 3602 208 3679 dicens,
242 3603 367 3682 ejusdem
386 3606 533 3663 sententia
557 3605 709 3663 etiamnum
738 3622 799 3660 esse
823 3600 950 3661 Graece.
