2130 3990
91 164 134 229 50
453 172 639 231 tancrarns.
681 204 684 209 -

133 331 272 410 Concepit
285 336 379 390 cutem
404 329 478 390 Diva
499 331 587 410 Virgo
601 327 714 409 quando
733 335 910 394 nosenticnr
924 333 1017 396 dixit:

92 415 112 446 ‘'
126 413 192 473 Fiat
205 413 275 471 mihi
287 409 440 471 secundum
457 412 571 472 verbum
583 410 693 472 tuum.”
718 477 723 483 .

133 512 174 573 Ii.
197 513 351 592 Conceptic
374 511 423 571 ilia
446 506 558 591 peracta
580 519 622 572 est
647 508 824 582 miraculosa,
844 517 906 577 soie
919 520 1019 579 virtute

93 597 114 654 S
135 595 215 655 iritris
227 594 338 662 Sancti,
359 594 409 673 qui
433 614 471 652 ex
491 596 634 674 purissimo
655 599 788 674 sanguine
803 596 900 657 Beata
914 594 1018 659 Maria

95 616 218 756 thrginis
242 675 371 735 formavit
394 675 423 733 in
437 684 514 733 utero
526 675 588 754 ejus
602 695 703 754 corpus
723 670 894 738 sufficienter
906 683 1018 758 organi-

92 769 189 818 zatum
211 778 261 838 pro
284 756 423 816 infusione
448 758 566 815 anima:
587 766 672 834 atque
693 760 734 816 ito
757 759 856 818 eodem
874 768 1019 819 momento

91 843 185 919 anima
201 842 279 899 nnita
305 846 348 897 est
361 839 476 916 corpori,
496 847 526 896 et
545 840 654 916 utrique
674 841 755 898 unita
777 849 818 900 est
838 839 1018 920 hypostatice

93 922 278 991 Perannalitns
292 914 359 980 Filii
374 919 441 978 Dei.

110 1026 165 1085 Si
186 1026 333 1103 conceptio
359 1021 468 1082 illusit
492 1022 666 1099 miraculosa,
686 1024 827 1104 quomodo
854 1042 919 1106 ergo
944 1028 1020 1086 Dira

93 1105 183 1185 Virgo
194 1114 236 1165 est
251 1104 486 1165 Matarnnturalis
500 1103 627 1163 Christi?

132 1207 188 1266 111.
210 1206 250 1265 R.
264 1224 329 1265 cum
343 1206 374 1264 S.
385 1204 492 1264 Thorn.
507 1212 603 1284 quast.
618 1203 669 1264 33.
685 1214 735 1266 art
749 1209 780 1267 4.
790 1209 819 1266 in
838 1209 921 1286 Corp.
951 1208 971 1241 “
984 1206 1024 1269 Si-

91 1289 111 1320 “
123 1286 329 1353 unumderemus
351 1286 391 1360 id,
405 1284 481 1363 quod
495 1291 536 1346 est
555 1304 593 1344 cx
617 1294 699 1364 porte
711 1290 836 1346 materie
850 1287 1017 1368 conceptis,

90 1371 110 1400 “
125 1388 210 1448 quarn
236 1369 330 1427 Mater
356 1368 526 1434 ministravit,
556 1372 647 1425 tntum
672 1376 716 1427 eet
739 1370 882 1429 naturaie:
904 1373 928 1428 si
953 1374 1020 1429 rere

91 1458 110 1481 ⁴⁶
126 1449 331 1509 consideremus
344 1448 382 1520 id,
394 1447 469 1527 quod
483 1453 574 1506 estex
589 1458 668 1528 porte
681 1450 788 1508 virtitus
802 1454 910 1523 activa,
925 1461 1018 1510 totum

91 1532 110 1562 “
124 1541 165 1590 cst
179 1527 403 1589 miraculosum.”

130 1613 178 1671 Au
193 1631 258 1690 ergo
269 1611 388 1691 Spiritus
398 1610 429 1669 8.
444 1608 499 1668 fnit
513 1606 601 1668 Pater
612 1606 739 1668 Christi?

132 1715 186 1775 IV.
201 1716 239 1774 R.
255 1716 411 1793 Negative:
426 1715 492 1791 quin
510 1713 560 1774 illa
572 1713 696 1793 Spiritus
709 1714 806 1778 Sancti
816 1716 942 1792 operatio
958 1734 1017 1775 non

91 1795 145 1858 fuit
159 1816 208 1876 per
222 1795 336 1855 modum
354 1796 539 1873 generationis
545 1818 552 1865 ;
575 1798 642 1874 quia
660 1793 696 1852 de
715 1805 767 1852 aria
787 1793 944 1853 substantia
957 1815 1016 1854 nou

90 1877 223 1958 produxit
244 1877 296 1935 sibi
319 1877 440 1936 similem
464 1878 493 1934 in
518 1887 637 1935 natura:
659 1874 733 1935 unda
758 1873 817 1933 fuit
836 1873 885 1934 illa
898 1875 1019 1954 Spiritus

92 1960 190 2020 Sancti
200 1961 321 2038 operatio
334 1976 402 2041 opus
416 1957 456 2015 ad
467 1966 566 2029 extra,
576 1975 728 2015 commune
741 1957 792 2014 teti
802 1956 856 2015 88.
865 1955 1015 2029 Trinitati;

35 2087 37 2090 .
91 2040 165 2120 quod
179 2049 275 2099 tamen
289 2039 405 2117 Spiritui
419 2036 450 2095 S.
465 2037 623 2097 attribuitur
636 2045 769 2116 tanquam
783 2056 854 2116 opus
866 2040 979 2096 amoris.

131 2125 176 2180 An
192 2122 223 2179 S.
232 2121 252 2178 J
255 2120 341 2199 nseph
352 2126 443 2200 potest
456 2116 512 2177 dici
525 2119 609 2178 Peter
617 2117 743 2180 Christi?
1020 2126 1022 2133 '

129 2202 170 2262 V.
187 2202 223 2260 R.
236 2205 273 2259 1⁰·
290 2201 321 2258 N
323 2221 359 2258 on
373 2207 464 2279 potest
472 2199 528 2259 dici
543 2199 627 2258 Pater
640 2199 782 2272 naturalis,
802 2197 851 2256 sed
865 2198 949 2258 Pater
962 2220 1015 2258 nu·

91 2283 195 2342 tritius:
218 2287 256 2340 2⁰·
273 2283 384 2340 Dicitur
397 2283 483 2338 ctiam
497 2283 582 2339 Pater
597 2279 709 2353 Christi,
725 2282 791 2358 quia
801 2283 941 2338 communi
953 2284 1014 2360 opi·

91 2365 175 2422 nione
201 2364 284 2421 Pater
298 2361 403 2420 Christi
426 2362 588 2441 putabatur:
610 2370 639 2418 et
651 2366 693 2418 3⁰·
719 2361 795 2427 Quia
810 2359 934 2420 Christus
948 2382 1015 2419 con·

91 2453 189 2523 ceptus
212 2453 241 2502 et
263 2453 346 2502 natus
360 2451 454 2501 estex
470 2438 561 2500 Beata
583 2441 697 2518 Virgine
711 2448 741 2500 ut
755 2441 859 2500 fructus
872 2441 1013 2520 logitimus

90 2529 184 2585 uxoris
201 2525 261 2604 ejus
276 2524 356 2604 cujus
380 2525 500 2604 corporis
513 2523 667 2582 dominium
688 2521 751 2599 jure
765 2521 907 2601 conjugali
927 2542 1015 2602 panca

89 2607 159 2666 «lose
179 2607 281 2666 horat.

130 2628 177 2748 Ah
187 2707 252 2766 crgo
264 2685 320 2746 fuit
329 2702 424 2744 verum
440 2687 650 2745 matrimonium
662 2685 737 2744 inter
750 2684 851 2747 Dirum
866 2682 1011 2762 Virginem

89 2779 117 2829 et
128 2773 264 2829 Sanctum
276 2768 450 2845 iosephumt

130 2850 186 2909 VI.
200 2851 237 2909 R.
252 2851 370 2908 cum-S.
383 2848 462 2923 Tu„
483 2892 491 2905 .
511 2844 560 2905 29.
575 2856 626 2906 art.
641 2846 670 2906 2.
692 2845 869 2913 affirmativi,
890 2855 923 2904 ut
936 2852 1013 2925 patet

89 2952 127 2991 ex
151 2930 261 2991 March.
286 2950 349 3009 cap.
366 2929 393 2992 1.
408 2951 434 2987 v.
453 2868 500 2988 lh.
521 2933 539 2962 “
553 2927 647 2986 Jacob
669 2930 765 3004 genuit
785 2925 897 3005 Joseph
910 2927 1012 2987 Virum

90 3012 218 3072 Moriae.”
260 3011 341 3071 lucro
350 3019 433 3090 petat·
442 3030 479 3068 ex
491 3028 515 3072 r.
529 3008 576 3069 19.
590 3018 619 3067 ot
632 3009 682 3075 20,

130 3093 210 3155 Idam
232 3092 363 3171 probetur
377 3112 415 3150 ex
439 3092 581 3151 communi
601 3092 730 3169 opinione
743 3089 828 3168 vulgi,
848 3089 897 3168 qui
909 3089 1012 3149 Jourrn

89 3176 208 3236 rorabat
227 3174 314 3235 filium
339 3171 458 3250 ioseph,
489 3170 590 3230 Filium
615 3170 718 3242 Fabri;
741 3169 828 3248 hujus
852 3172 928 3231 enim
951 3174 1012 3251 opi·

88 3259 178 3317 aionis
192 3275 248 3315 non
262 3255 320 3320 alia
330 3253 384 3313 tuit
407 3271 501 3322 causa,
521 3255 606 3331 quam
627 3253 694 3330 quia
707 3259 803 3311 notum
816 3260 884 3321 erat,
907 3253 1011 3311 Dicam

88 3336 234 3416 Virginem
249 3343 278 3394 et
294 3333 454 3413 Jnsephum
481 3331 565 3392 fuisse
584 3354 661 3392 veros
674 3331 822 3411 conjugae3
844 3341 874 3390 et
886 3332 1012 3410 alioquin

88 3419 184 3477 Judaei
198 3419 287 3475 etiam
296 3415 412 3475 indubia
426 3413 640 3493 exprobrassent
654 3413 765 3473 Christo
776 3416 866 3491 ipsum
878 3433 916 3471 ex
927 3413 1011 3472 iorni·

88 3502 389 3560 cahoneessenatunr.

128 3574 202 3640 vlt.
229 3580 342 3639 Dicitur
367 3585 460 3655 autom
488 3572 578 3635 Beata
598 3574 688 3655 Virgo
717 3576 808 3655 potiris
836 3573 1013 3656 desponsata,

89 3664 175 3741 quam
196 3667 294 3741 nupta,
313 3667 345 3717 ut
357 3656 443 3721 Luca
456 3677 521 3737 cap.
539 3656 553 3714 l
578 3676 604 3716 v.
618 3650 667 3723 27.
682 3660 747 3737 quia
761 3676 857 3717 eornm
872 3658 1012 3716 matrimo

83 3745 163 3801 nium
181 3759 329 3822 nunqnam
351 3739 407 3801 iuit
425 3744 659 3805 consummatum,
681 3740 864 3818 vixeruntque
878 3737 1014 3797 adinstar

616 3948 684 3970 A
