2130 3990
398 201 439 242 na
461 199 675 253 sucessimus.
938 181 996 246 ³³7

64 341 207 403 charistia
220 347 396 405 Sacranventi
407 366 515 404 sumere
529 345 648 418 debere;
664 343 815 403 anathema
828 345 874 403 sit.
889 348 909 378 ‘⁴
925 345 998 405 Isatd

57 423 88 483 id
103 425 213 501 probat
224 428 298 487 idem
315 426 402 484 Couc.
417 447 485 486 sess.
501 426 610 500 eadem,
621 446 684 505 cap.
701 427 725 485 l.

100 504 262 586 Objiciunt
288 507 419 566 Haeretici
444 510 554 586 praxim
582 510 724 587 primitive
751 506 894 580 Ecclesiae,
910 506 997 584 juxta

49 604 153 664 quam
169 608 270 647 omues
282 588 378 647 fideles
396 588 446 646 sub
461 599 578 666 utraque
592 591 684 668 specie
698 588 955 648 communicabant.

101 667 148 726 R.
165 669 275 728 Verum
297 668 410 747 quidem
426 680 476 738 est,
498 689 585 746 usque
598 669 635 727 ad
648 669 782 727 saeculum
797 662 995 729 duodecimum

48 751 172 826 passim
196 750 223 808 in
250 771 302 809 usu
331 750 414 808 fuisse
429 751 663 810 communionem
685 745 737 807 sib
751 759 866 828 utraque
880 754 993 829 specie;
1022 773 1023 778 ¹

48 827 107 887 aad
139 839 265 908 negatur,
288 851 351 890 eam
379 838 537 909 usurpatam
565 830 797 906 fuissetanquam
811 833 994 891 necessariam

48 916 86 967 et
100 930 148 969 ex
164 921 304 991 praecepto
317 911 427 982 divino;
450 917 514 970 cum
528 914 639 991 sapius,
663 930 712 970 seu
733 909 854 990 publice,
875 932 923 972 seu
937 916 993 991 pri·

48 994 161 1059 vatim,
185 995 269 1051 etiam
282 1003 348 1051 tunc
361 991 440 1050 fieret
455 992 508 1051 sub
521 993 605 1050 unica
619 993 722 1071 specie,
736 994 805 1068 puta
818 993 847 1050 in
859 991 993 1052 Commu·

48 1072 151 1129 aione
175 1072 355 1146 infirmorum,
376 1077 442 1130 item
458 1073 526 1132 dum
540 1083 669 1152 tempore
682 1075 882 1152 persecutionis
896 1072 991 1134 fidele·

48 1149 279 1212 Eucharistiam
289 1154 338 1212 sub
349 1154 408 1212 sola
416 1157 508 1232 specie
519 1152 605 1212 Panis
615 1155 728 1212 domum
739 1153 922 1231 asportabant,
936 1152 992 1214 dcc.

48 1243 87 1291 ut
103 1232 197 1293 latius
210 1234 292 1293 videri
308 1243 395 1314 potest
407 1235 481 1313 apud
496 1236 653 1312 Tournelly
666 1244 694 1294 et
708 1235 807 1294 Callet.
850 1233 992 1296 Successit

48 1319 190 1394 tempus,
210 1336 266 1394 quo
279 1317 309 1374 in
335 1316 447 1375 diversis
463 1315 598 1375 Ecclesiis
618 1316 741 1375 diversus
755 1334 815 1372 mos
827 1318 938 1394 vigeret,
958 1328 992 1378 ut

50 1392 95 1452 (le
124 1417 180 1454 suo
194 1404 314 1455 testatur
327 1397 357 1454 S.
372 1397 500 1455 Thomas
526 1395 574 1454 hic
588 1401 616 1455 in
636 1397 720 1474 Corp.
734 1396 866 1455 Tandem
880 1397 917 1455 ad
932 1402 990 1458 evi·

50 1475 152 1534 unda
165 1477 344 1536 incommoda
359 1477 432 1556 (quae
446 1477 509 1535 vide
532 1478 561 1535 in
586 1478 766 1536 catechismo
782 1477 867 1536 Rom.
881 1478 917 1537 de
927 1479 988 1539 Eu-

50 1558 206 1616 chariston
222 1561 310 1618 Num.
341 1556 390 1616 72.
405 1568 434 1616 et
447 1558 523 1637 apud
548 1558 666 1617 Billuart
678 1557 728 1616 lol.
744 1555 829 1637 393.)
844 1578 913 1616 usus
929 1558 985 1620 Ca-

52 1634 124 1695 licis
138 1638 287 1718 abrogatus
301 1647 349 1707 est,
372 1641 442 1697 etin
459 1641 545 1700 Couc.
562 1638 769 1697 constantiensi
783 1659 846 1698 sess.
864 1637 911 1700 13.
928 1640 987 1700 De-

55 1728 183 1792 cretum,
203 1730 235 1778 ut
261 1721 344 1779 Laici
357 1730 386 1776 et
401 1719 504 1779 Clerici
532 1741 586 1779 non
603 1721 783 1779 conficientes
798 1723 996 1790 communica,

55 1808 125 1857 rant
149 1801 202 1859 sub
229 1803 321 1879 specis¹
340 1803 421 1879 panis
445 1808 562 1875 tautdm,
583 1801 655 1880 quod
678 1800 988 1880 posteaiTridentino

58 1885 101 1938 ast
115 1882 317 1940 confirmatum.

101 1960 251 2037 Objiciunt
277 1961 415 2042 precipue
442 1983 478 2021 ex
507 1965 651 2042 Scriptura
677 1962 762 2021 verba
782 1960 886 2021 Christi
899 1965 985 2026 Joan.

63 2061 123 2120 cap.
139 2040 168 2100 6.
183 2063 208 2100 v.
222 2043 274 2103 54.
316 2043 390 2102 Nisi
401 2045 644 2103 manducaveritis
662 2044 786 2102 Carnem
810 2042 885 2102 Filii
896 2046 986 2106 homi·

63 2126 120 2196 nia,
140 2129 170 2182 et
184 2123 311 2184 biberitis
324 2126 388 2203 ey‘ns
403 2123 596 2204 Sanguinem,
617 2145 675 2184 non
696 2123 837 2184 habebitis
850 2129 940 2186 vitam
952 2129 984 2187 in

66 2204 151 2263 codes.

100 2287 138 2346 R.
156 2286 284 2345 Christus
297 2288 335 2346 ibi
347 2309 401 2346 non
416 2290 545 2367 praecipit
558 2288 671 2347 modum
681 2287 821 2354 sumendi,
835 2291 891 2346 sive
905 2308 985 2349 man·

67 2364 163 2425 lucare
176 2376 205 2424 et
218 2368 312 2426 bibere
325 2371 454 2437 seoreiru;
475 2369 523 2427 sed
545 2371 674 2448 praecipit
687 2389 795 2428 sumere
809 2389 867 2428 rem
881 2373 982 2450 ipsam,

67 2449 165 2507 scilicet
180 2449 286 2527 Corpus
300 2459 328 2507 et
340 2449 506 2526 Sanguinem
530 2470 620 2520 suum,
643 2469 707 2528 quae
724 2449 802 2529 aeque
816 2449 867 2508 sub
881 2472 936 2510 una
949 2472 982 2511 ac

64 2528 106 2586 aab
121 2538 241 2608 utraque
255 2535 347 2607 specie
361 2534 546 2589 continentur.
585 2546 597 2573 ⁶

98 2611 212 2669 Deinde
224 2610 292 2669 licet
303 2613 438 2687 particula
446 2612 517 2670 etde
531 2633 561 2671 se
569 2613 605 2671 sit
617 2611 782 2691 copulativa,
795 2630 872 2691 saepe
886 2623 982 2675 tamen

59 2689 83 2747 in
111 2693 262 2769 Scripturis
283 2694 403 2750 sumitur
423 2693 602 2771 disjunctive,
623 2703 654 2751 ut
678 2714 704 2752 v.
720 2713 745 2770 g.
762 2695 858 2752 Actor.
871 2714 933 2772 cap.
948 2694 980 2754 3.

55 2785 77 2827 v.
94 2769 123 2829 6.
170 2774 336 2850 Argentum
364 2781 394 2831 et
422 2775 532 2842 Aurum
554 2781 672 2832 nonest
691 2773 770 2832 miii.
811 2773 980 2835 Hieautem

49 2854 220 2925 particulam
244 2863 273 2912 ct
295 2854 404 2912 divisim
420 2874 478 2912 esse
499 2855 699 2932 accipiendam,
721 2855 802 2912 docet
816 2857 899 2913 series
913 2877 979 2914 con·

48 2935 157 3000 textus,
188 2941 250 2991 crim
277 2934 360 3013 paulo
389 2946 448 3013 post
474 2935 610 2993 addatur:
637 2936 698 3002 Qui
721 2934 878 2994 manducat
900 2936 978 2995 hunc

48 3029 171 3087 panem,
192 3019 266 3074 vivet
281 3020 311 3073 in
325 3026 474 3075 eternum:
503 3015 557 3074 hoc
571 3026 666 3074 autem
679 3014 779 3074 falsum
794 3015 874 3090 foret,
893 3020 916 3075 si
930 3038 977 3076 su·

48 3104 178 3154 meretur
203 3095 366 3171 copulative.
410 3097 490 3156 ldem
513 3097 635 3156 insinuat
649 3097 798 3176 Apostolus
813 3098 837 3155 I.
861 3097 897 3157 ad
912 3096 975 3158 Cor.

48 3192 81 3234 ea
107 3222 114 3232 .
135 3175 182 3234 ll.
196 3197 219 3231 v.
235 3177 283 3237 27.

82 3196 136 3313 ΞΟ·
152 3258 248 3336 Aliqui
262 3259 438 3336 respondent,
454 3258 493 3317 ibi
507 3258 618 3337 quidem
628 3258 723 3317 datum
739 3280 798 3318 esse
808 3265 977 3338 preceptum

48 3337 83 3394 de
115 3341 276 3416 sumptione
304 3343 442 3418 utriusque
456 3342 567 3418 speciei,
589 3340 635 3398 sed
644 3340 718 3399 'illud
734 3340 830 3399 datum
845 3360 904 3398 esse
919 3341 976 3399 Ec·

48 3419 143 3479 clesiae
158 3419 332 3497 implendum
345 3442 395 3501 per
408 3422 527 3501 aliquos,
541 3422 608 3500 puta
621 3420 784 3480 Sacerdotes
798 3421 975 3494 celebrantes,

48 3521 105 3558 non
122 3500 314 3578 persingulas.
866 3527 870 3534 ·
989 3560 993 3577 ἰ

89 3580 241 3654 Objieiunt
251 3581 334 3640 etiarn
350 3584 437 3640 varios
452 3585 571 3641 Sanctus
586 3583 692 3656 Patres,
713 3585 770 3662 qui,
784 3583 850 3643 dum
866 3583 901 3642 de
917 3585 976 3642 Ει-

48 3661 183 3723 charistia
195 3683 352 3723 sermonem
361 3663 476 3729 habent,
490 3662 614 3722 referunt
623 3684 686 3722 eam
694 3665 747 3724 sub
755 3673 872 3745 utraque
883 3667 977 3746 specio

48 3762 84 3798 ex
100 3743 163 3822 lege
176 3752 205 3804 et
217 3754 355 3824 precepto
370 3746 387 3803 si
400 3744 530 3805 fids-libus
543 3744 715 3806 sumendam.
