<?xml version="1.0" encoding="UTF-8"?>
<!DOCTYPE html PUBLIC "-//W3C//DTD XHTML 1.0 Transitional//EN"
    "http://www.w3.org/TR/xhtml1/DTD/xhtml1-transitional.dtd">
<html xmlns="http://www.w3.org/1999/xhtml" xml:lang="en" lang="en">
 <head>
  <title>
</title>
<meta http-equiv="Content-Type" content="text/html;charset=utf-8" />
  <meta name='ocr-system' content='tesseract 3.04.00' />
  <meta name='ocr-capabilities' content='ocr_page ocr_carea ocr_par ocr_line ocrx_word'/>
</head>
<body>
  <div class='ocr_page' id='page_1' title='image "./theologiamorali02densgoog_0400.png"; bbox 0 0 2130 3990; ppageno 0'>
   <div class='ocr_carea' id='block_1_1' title="bbox 350 170 1001 239">
    <p class='ocr_par' dir='ltr' id='par_1_1' title="bbox 350 170 1001 239">
     <span class='ocr_line' id='line_1_1' title="bbox 350 170 1001 239; baseline 0.002 -9"><span class='ocrx_word' id='word_1_1' title='bbox 350 189 390 233; x_wconf 83' lang='lat' dir='ltr'>oa</span> <span class='ocrx_word' id='word_1_2' title='bbox 409 187 585 234; x_wconf 71' lang='lat' dir='ltr'>senatorem</span> <span class='ocrx_word' id='word_1_3' title='bbox 605 188 714 233; x_wconf 71' lang='lat' dir='ltr'>ursam</span> <span class='ocrx_word' id='word_1_4' title='bbox 939 170 1001 239; x_wconf 59' lang='grc' dir='ltr'><strong><em>Μ</em></strong></span> 
     </span>
    </p>
   </div>
   <div class='ocr_carea' id='block_1_2' title="bbox 62 331 1004 416">
    <p class='ocr_par' dir='ltr' id='par_1_2' title="bbox 62 331 1004 416">
     <span class='ocr_line' id='line_1_2' title="bbox 62 331 1004 416; baseline -0.002 -19"><span class='ocrx_word' id='word_1_5' title='bbox 62 350 66 359; x_wconf 87' lang='grc'><strong>’</strong></span> <span class='ocrx_word' id='word_1_6' title='bbox 103 335 143 397; x_wconf 84' lang='lat' dir='ltr'>R.</span> <span class='ocrx_word' id='word_1_7' title='bbox 167 333 360 396; x_wconf 72' lang='lat' dir='ltr'>Affirmativb:</span> <span class='ocrx_word' id='word_1_8' title='bbox 384 337 449 416; x_wconf 89' lang='lat' dir='ltr'>quia</span> <span class='ocrx_word' id='word_1_9' title='bbox 486 334 534 395; x_wconf 91' lang='lat' dir='ltr'>tali</span> <span class='ocrx_word' id='word_1_10' title='bbox 563 355 630 395; x_wconf 85' lang='lat' dir='ltr'>casu</span> <span class='ocrx_word' id='word_1_11' title='bbox 655 331 789 396; x_wconf 72' lang='lat' dir='ltr'><strong>Sacerdos</strong></span> <span class='ocrx_word' id='word_1_12' title='bbox 810 335 931 414; x_wconf 88' lang='lat' dir='ltr'>imponit</span> <span class='ocrx_word' id='word_1_13' title='bbox 945 335 1004 397; x_wconf 79' lang='lat' dir='ltr'>sibi</span> 
     </span>
    </p>
   </div>
   <div class='ocr_carea' id='block_1_3' title="bbox 50 415 1023 3500">
    <p class='ocr_par' dir='ltr' id='par_1_3' title="bbox 57 415 1003 800">
     <span class='ocr_line' id='line_1_3' title="bbox 62 415 1001 498; baseline 0 -22"><span class='ocrx_word' id='word_1_14' title='bbox 62 415 134 477; x_wconf 83' lang='lat' dir='ltr'>duas</span> <span class='ocrx_word' id='word_1_15' title='bbox 147 417 339 497; x_wconf 80' lang='lat' dir='ltr'>obligationes,</span> <span class='ocrx_word' id='word_1_16' title='bbox 361 439 412 497; x_wconf 90' lang='lat' dir='ltr'>pro</span> <span class='ocrx_word' id='word_1_17' title='bbox 435 417 536 498; x_wconf 88' lang='lat' dir='ltr'>quibus</span> <span class='ocrx_word' id='word_1_18' title='bbox 556 424 649 496; x_wconf 89' lang='lat' dir='ltr'>potest</span> <span class='ocrx_word' id='word_1_19' title='bbox 661 420 789 497; x_wconf 85' lang='lat' dir='ltr'>accipere</span> <span class='ocrx_word' id='word_1_20' title='bbox 803 417 933 477; x_wconf 86' lang='lat' dir='ltr'>distincta</span> <span class='ocrx_word' id='word_1_21' title='bbox 953 419 1001 477; x_wconf 85' lang='lat' dir='ltr'>sti-</span> 
     </span>
     <span class='ocr_line' id='line_1_4' title="bbox 59 497 1003 578; baseline 0 -21"><span class='ocrx_word' id='word_1_22' title='bbox 59 499 178 578; x_wconf 71' lang='lat' dir='ltr'>pendite,</span> <span class='ocrx_word' id='word_1_23' title='bbox 199 519 287 558; x_wconf 87' lang='lat' dir='ltr'>unum</span> <span class='ocrx_word' id='word_1_24' title='bbox 300 500 329 557; x_wconf 91' lang='lat' dir='ltr'>in</span> <span class='ocrx_word' id='word_1_25' title='bbox 343 502 463 578; x_wconf 89' lang='lat' dir='ltr'>pretium</span> <span class='ocrx_word' id='word_1_26' title='bbox 486 497 589 557; x_wconf 89' lang='lat' dir='ltr'>laboris</span> <span class='ocrx_word' id='word_1_27' title='bbox 617 501 778 566; x_wconf 82' lang='lat' dir='ltr'>extrinseci,</span> <span class='ocrx_word' id='word_1_28' title='bbox 806 518 864 578; x_wconf 91' lang='lat' dir='ltr'>quo</span> <span class='ocrx_word' id='word_1_29' title='bbox 878 506 1003 557; x_wconf 78' lang='lat' dir='ltr'>&#39;tenetur</span> 
     </span>
     <span class='ocr_line' id='line_1_5' title="bbox 59 577 1000 660; baseline -0.001 -22"><span class='ocrx_word' id='word_1_30' title='bbox 59 599 124 638; x_wconf 85' lang='lat' dir='ltr'>csse</span> <span class='ocrx_word' id='word_1_31' title='bbox 138 589 251 660; x_wconf 87' lang='lat' dir='ltr'>paratus</span> <span class='ocrx_word' id='word_1_32' title='bbox 274 577 311 639; x_wconf 86' lang='lat' dir='ltr'>ad</span> <span class='ocrx_word' id='word_1_33' title='bbox 326 579 526 639; x_wconf 86' lang='lat' dir='ltr'>celebrandurn</span> <span class='ocrx_word' id='word_1_34' title='bbox 540 580 590 638; x_wconf 84' lang='lat' dir='ltr'>tali</span> <span class='ocrx_word' id='word_1_35' title='bbox 603 578 681 648; x_wconf 76' lang='lat' dir='ltr'>honi,</span> <span class='ocrx_word' id='word_1_36' title='bbox 701 580 750 639; x_wconf 90' lang='lat' dir='ltr'>tali</span> <span class='ocrx_word' id='word_1_37' title='bbox 763 579 836 652; x_wconf 87' lang='lat' dir='ltr'>Ioco,</span> <span class='ocrx_word' id='word_1_38' title='bbox 857 577 910 639; x_wconf 76' lang='lat' dir='ltr'>dcc.</span> <span class='ocrx_word' id='word_1_39' title='bbox 924 579 1000 638; x_wconf 86' lang='lat' dir='ltr'>alind</span> 
     </span>
     <span class='ocr_line' id='line_1_6' title="bbox 57 660 1001 742; baseline 0.001 -22"><span class='ocrx_word' id='word_1_40' title='bbox 57 660 88 719; x_wconf 86' lang='lat' dir='ltr'>iu</span> <span class='ocrx_word' id='word_1_41' title='bbox 113 662 358 728; x_wconf 74' lang='lat' dir='ltr'>sustentationem,</span> <span class='ocrx_word' id='word_1_42' title='bbox 387 681 472 742; x_wconf 89' lang='lat' dir='ltr'>qnam</span> <span class='ocrx_word' id='word_1_43' title='bbox 488 665 587 720; x_wconf 75' lang='lat' dir='ltr'>merito</span> <span class='ocrx_word' id='word_1_44' title='bbox 602 661 690 739; x_wconf 80' lang='lat' dir='ltr'>exigit</span> <span class='ocrx_word' id='word_1_45' title='bbox 713 661 750 721; x_wconf 87' lang='lat' dir='ltr'>ab</span> <span class='ocrx_word' id='word_1_46' title='bbox 773 661 832 734; x_wconf 90' lang='lat' dir='ltr'>illo,</span> <span class='ocrx_word' id='word_1_47' title='bbox 853 662 903 741; x_wconf 91' lang='lat' dir='ltr'>qui</span> <span class='ocrx_word' id='word_1_48' title='bbox 928 663 1001 741; x_wconf 83' lang='lat' dir='ltr'>petit</span> 
     </span>
     <span class='ocr_line' id='line_1_7' title="bbox 58 741 549 800; baseline 0.002 0"><span class='ocrx_word' id='word_1_49' title='bbox 58 741 195 800; x_wconf 87' lang='lat' dir='ltr'>Missam.</span> <span class='ocrx_word' id='word_1_50' title='bbox 546 791 549 795; x_wconf 76' lang='grc'><em>,</em></span> 
     </span>
    </p>

    <p class='ocr_par' dir='ltr' id='par_1_4' title="bbox 52 821 999 1474">
     <span class='ocr_line' id='line_1_8' title="bbox 102 821 999 921; baseline 0.001 -39"><span class='ocrx_word' id='word_1_51' title='bbox 102 823 238 882; x_wconf 80' lang='lat' dir='ltr'>Potestne</span> <span class='ocrx_word' id='word_1_52' title='bbox 251 822 352 921; x_wconf 81' lang='lat' dir='ltr'>aliquis</span> <span class='ocrx_word' id='word_1_53' title='bbox 365 822 472 882; x_wconf 82' lang='lat' dir='ltr'>babens</span> <span class='ocrx_word' id='word_1_54' title='bbox 489 825 545 883; x_wconf 88' lang='lat'>100</span> <span class='ocrx_word' id='word_1_55' title='bbox 556 822 646 882; x_wconf 86' lang='lat' dir='ltr'>Sacra</span> <span class='ocrx_word' id='word_1_56' title='bbox 659 822 696 882; x_wconf 85' lang='lat' dir='ltr'>ed</span> <span class='ocrx_word' id='word_1_57' title='bbox 705 843 794 883; x_wconf 89' lang='lat' dir='ltr'>unum</span> <span class='ocrx_word' id='word_1_58' title='bbox 808 821 999 889; x_wconf 84' lang='lat' dir='ltr'>florenumdi-</span> 
     </span>
     <span class='ocr_line' id='line_1_9' title="bbox 55 903 998 985; baseline 0.004 -23"><span class='ocrx_word' id='word_1_59' title='bbox 55 923 124 963; x_wconf 80' lang='lat' dir='ltr'>cere</span> <span class='ocrx_word' id='word_1_60' title='bbox 138 904 225 963; x_wconf 84' lang='lat' dir='ltr'>alteri&#39;</span> <span class='ocrx_word' id='word_1_61' title='bbox 233 905 325 964; x_wconf 87' lang='lat' dir='ltr'>licite:</span> <span class='ocrx_word' id='word_1_62' title='bbox 347 905 456 984; x_wconf 70' lang='lat' dir='ltr'>adjuva</span> <span class='ocrx_word' id='word_1_63' title='bbox 466 924 510 964; x_wconf 85' lang='lat' dir='ltr'>mc</span> <span class='ocrx_word' id='word_1_64' title='bbox 534 911 565 964; x_wconf 79' lang='lat' dir='ltr'>in</span> <span class='ocrx_word' id='word_1_65' title='bbox 581 903 718 982; x_wconf 83' lang='lat' dir='ltr'>legendo,</span> <span class='ocrx_word' id='word_1_66' title='bbox 733 911 840 983; x_wconf 74' lang='lat' dir='ltr'>postea</span> <span class='ocrx_word' id='word_1_67' title='bbox 854 905 998 985; x_wconf 74' lang='lat' dir='ltr'>arIJ&#39;unabo</span> 
     </span>
     <span class='ocr_line' id='line_1_10' title="bbox 55 985 999 1066; baseline 0.003 -22"><span class='ocrx_word' id='word_1_68' title='bbox 55 993 111 1051; x_wconf 69' lang='lat' dir='ltr'>ter</span> <span class='ocrx_word' id='word_1_69' title='bbox 134 986 206 1046; x_wconf 89' lang='lat' dir='ltr'>nihil</span> <span class='ocrx_word' id='word_1_70' title='bbox 222 990 248 1045; x_wconf 89' lang='lat' dir='ltr'>ei</span> <span class='ocrx_word' id='word_1_71' title='bbox 270 987 428 1066; x_wconf 85' lang='lat' dir='ltr'>supplendo</span> <span class='ocrx_word' id='word_1_72' title='bbox 441 989 469 1045; x_wconf 90' lang='lat' dir='ltr'>io</span> <span class='ocrx_word' id='word_1_73' title='bbox 485 991 640 1066; x_wconf 85' lang='lat' dir='ltr'>supposito,</span> <span class='ocrx_word' id='word_1_74' title='bbox 656 987 812 1066; x_wconf 79' lang='lat' dir='ltr'>quddaltcr</span> <span class='ocrx_word' id='word_1_75' title='bbox 826 992 936 1046; x_wconf 75' lang='lat' dir='ltr'>tantum</span> <span class='ocrx_word' id='word_1_76' title='bbox 946 985 999 1047; x_wconf 79' lang='lat' dir='ltr'>bu·¹</span> 
     </span>
     <span class='ocr_line' id='line_1_11' title="bbox 53 1066 476 1126; baseline 0.002 -2"><span class='ocrx_word' id='word_1_77' title='bbox 53 1066 126 1124; x_wconf 86' lang='lat' dir='ltr'>beat</span> <span class='ocrx_word' id='word_1_78' title='bbox 140 1068 229 1126; x_wconf 85' lang='lat' dir='ltr'>Sacra</span> <span class='ocrx_word' id='word_1_79' title='bbox 243 1068 279 1126; x_wconf 85' lang='lat' dir='ltr'>ad</span> <span class='ocrx_word' id='word_1_80' title='bbox 295 1079 359 1126; x_wconf 89' lang='lat' dir='ltr'>octo</span> <span class='ocrx_word' id='word_1_81' title='bbox 373 1066 476 1126; x_wconf 86' lang='lat' dir='ltr'>asses?</span> 
     </span>
     <span class='ocr_line' id='line_1_12' title="bbox 72 1147 997 1288; baseline 0 -82"><span class='ocrx_word' id='word_1_82' title='bbox 72 1147 138 1288; x_wconf 75' lang='lat' dir='ltr'>bR.</span> <span class='ocrx_word' id='word_1_83' title='bbox 158 1147 348 1222; x_wconf 79' lang='lat' dir='ltr'>Affirmativie;</span> <span class='ocrx_word' id='word_1_84' title='bbox 360 1152 426 1228; x_wconf 89' lang='lat' dir='ltr'>quia</span> <span class='ocrx_word' id='word_1_85' title='bbox 439 1147 520 1208; x_wconf 88' lang='lat' dir='ltr'>datur</span> <span class='ocrx_word' id='word_1_86' title='bbox 533 1148 699 1228; x_wconf 85' lang='lat' dir='ltr'>obsequium</span> <span class='ocrx_word' id='word_1_87' title='bbox 713 1150 822 1230; x_wconf 71' lang='lat' dir='ltr'>equale</span> <span class='ocrx_word' id='word_1_88' title='bbox 832 1168 882 1228; x_wconf 90' lang='lat' dir='ltr'>pro</span> <span class='ocrx_word' id='word_1_89' title='bbox 897 1148 997 1227; x_wconf 80' lang='lat' dir='ltr'>aquali</span> 
     </span>
     <span class='ocr_line' id='line_1_13' title="bbox 53 1249 842 1288; baseline 0.004 -1"><span class='ocrx_word' id='word_1_90' title='bbox 53 1250 72 1288; x_wconf 95' lang='lat' dir='ltr'>o</span> <span class='ocrx_word' id='word_1_91' title='bbox 95 1249 124 1287; x_wconf 90' lang='lat' dir='ltr'>se</span> <span class='ocrx_word' id='word_1_92' title='bbox 147 1249 202 1288; x_wconf 87' lang='lat' dir='ltr'>nro.</span> <span class='ocrx_word' id='word_1_93' title='bbox 839 1266 842 1273; x_wconf 48' lang='grc' dir='ltr'><strong><em>ι</em></strong></span> 
     </span>
     <span class='ocr_line' id='line_1_14' title="bbox 58 1250 997 1392; baseline 0 -22"><span class='ocrx_word' id='word_1_94' title='bbox 58 1338 61 1343; x_wconf 92' lang='lat'><em>·</em></span> <span class='ocrx_word' id='word_1_95' title='bbox 93 1250 146 1387; x_wconf 11' lang='lat' dir='ltr'>*Ab</span> <span class='ocrx_word' id='word_1_96' title='bbox 161 1332 247 1370; x_wconf 88' lang='lat' dir='ltr'>unam</span> <span class='ocrx_word' id='word_1_97' title='bbox 264 1311 384 1371; x_wconf 86' lang='lat' dir='ltr'>Missam</span> <span class='ocrx_word' id='word_1_98' title='bbox 400 1310 540 1371; x_wconf 89' lang='lat' dir='ltr'>celebrare</span> <span class='ocrx_word' id='word_1_99' title='bbox 554 1314 691 1380; x_wconf 87' lang='lat' dir='ltr'>emittens,</span> <span class='ocrx_word' id='word_1_100' title='bbox 713 1310 752 1370; x_wconf 88' lang='lat' dir='ltr'>ad</span> <span class='ocrx_word' id='word_1_101' title='bbox 773 1330 858 1392; x_wconf 87' lang='lat' dir='ltr'>quarn</span> <span class='ocrx_word' id='word_1_102' title='bbox 884 1330 922 1371; x_wconf 86' lang='lat' dir='ltr'>ex</span> <span class='ocrx_word' id='word_1_103' title='bbox 948 1311 997 1370; x_wconf 71' lang='lat' dir='ltr'>nt</span> 
     </span>
     <span class='ocr_line' id='line_1_15' title="bbox 52 1394 606 1474; baseline -0.002 -23"><span class='ocrx_word' id='word_1_104' title='bbox 52 1394 163 1472; x_wconf 87' lang='lat' dir='ltr'>peudio</span> <span class='ocrx_word' id='word_1_105' title='bbox 177 1404 293 1463; x_wconf 85' lang='lat' dir='ltr'>tenetur,</span> <span class='ocrx_word' id='word_1_106' title='bbox 317 1402 411 1474; x_wconf 90' lang='lat' dir='ltr'>peccet</span> <span class='ocrx_word' id='word_1_107' title='bbox 424 1395 581 1451; x_wconf 86' lang='lat' dir='ltr'>mortaliter</span> <span class='ocrx_word' id='word_1_108' title='bbox 596 1395 606 1450; x_wconf 75' lang='grc' dir='ltr'><strong><em>ἓ</em></strong></span> 
     </span>
    </p>

    <p class='ocr_par' dir='ltr' id='par_1_5' title="bbox 50 1473 997 1938">
     <span class='ocr_line' id='line_1_16' title="bbox 99 1473 996 1554; baseline 0.001 -22"><span class='ocrx_word' id='word_1_109' title='bbox 99 1475 138 1532; x_wconf 83' lang='lat' dir='ltr'>R.</span> <span class='ocrx_word' id='word_1_110' title='bbox 160 1473 315 1532; x_wconf 84' lang='lat' dir='ltr'>Affirmant</span> <span class='ocrx_word' id='word_1_111' title='bbox 343 1474 443 1547; x_wconf 73' lang='lat' dir='ltr'>Cobet,</span> <span class='ocrx_word' id='word_1_112' title='bbox 467 1474 584 1542; x_wconf 88' lang='lat' dir='ltr'>Hermo,</span> <span class='ocrx_word' id='word_1_113' title='bbox 609 1473 751 1532; x_wconf 86' lang='lat' dir='ltr'>cumaliis</span> <span class='ocrx_word' id='word_1_114' title='bbox 764 1498 772 1545; x_wconf 90' lang='lat'>;</span> <span class='ocrx_word' id='word_1_115' title='bbox 797 1473 996 1554; x_wconf 81' lang='lat' dir='ltr'>quiaprIvatio</span> 
     </span>
     <span class='ocr_line' id='line_1_17' title="bbox 53 1552 996 1633; baseline 0.002 -22"><span class='ocrx_word' id='word_1_116' title='bbox 53 1552 166 1614; x_wconf 72' lang='lat' dir='ltr'>truens</span> <span class='ocrx_word' id='word_1_117' title='bbox 180 1560 261 1613; x_wconf 90' lang='lat' dir='ltr'>unius</span> <span class='ocrx_word' id='word_1_118' title='bbox 275 1559 359 1613; x_wconf 87' lang='lat' dir='ltr'>etiam</span> <span class='ocrx_word' id='word_1_119' title='bbox 374 1556 513 1614; x_wconf 82' lang='lat' dir='ltr'>Sacrificii</span> <span class='ocrx_word' id='word_1_120' title='bbox 527 1555 663 1612; x_wconf 89' lang='lat' dir='ltr'>damnum</span> <span class='ocrx_word' id='word_1_121' title='bbox 678 1557 820 1633; x_wconf 81' lang='lat' dir='ltr'>spirituale</span> <span class='ocrx_word' id='word_1_122' title='bbox 832 1558 899 1614; x_wconf 85' lang='lat' dir='ltr'>satis</span> <span class='ocrx_word' id='word_1_123' title='bbox 913 1573 996 1632; x_wconf 81' lang='lat' dir='ltr'>grave</span> 
     </span>
     <span class='ocr_line' id='line_1_18' title="bbox 56 1634 997 1715; baseline 0.002 -23"><span class='ocrx_word' id='word_1_124' title='bbox 56 1634 189 1694; x_wconf 86' lang='lat' dir='ltr'>inducit:</span> <span class='ocrx_word' id='word_1_125' title='bbox 212 1645 297 1714; x_wconf 85' lang='lat' dir='ltr'>negat</span> <span class='ocrx_word' id='word_1_126' title='bbox 315 1638 448 1708; x_wconf 87' lang='lat' dir='ltr'>Billuart;</span> <span class='ocrx_word' id='word_1_127' title='bbox 472 1636 606 1715; x_wconf 82' lang='lat' dir='ltr'>quiahoc</span> <span class='ocrx_word' id='word_1_128' title='bbox 620 1635 754 1694; x_wconf 84' lang='lat' dir='ltr'>damnum</span> <span class='ocrx_word' id='word_1_129' title='bbox 782 1657 840 1697; x_wconf 90' lang='lat' dir='ltr'>non</span> <span class='ocrx_word' id='word_1_130' title='bbox 867 1646 997 1694; x_wconf 87' lang='lat' dir='ltr'>censetur</span> 
     </span>
     <span class='ocr_line' id='line_1_19' title="bbox 50 1716 995 1796; baseline 0.002 -22"><span class='ocrx_word' id='word_1_131' title='bbox 50 1734 136 1792; x_wconf 57' lang='lat' dir='ltr'>pave</span> <span class='ocrx_word' id='word_1_132' title='bbox 148 1718 178 1774; x_wconf 90' lang='lat' dir='ltr'>in</span> <span class='ocrx_word' id='word_1_133' title='bbox 188 1737 288 1795; x_wconf 86' lang='lat' dir='ltr'>genere</span> <span class='ocrx_word' id='word_1_134' title='bbox 302 1718 469 1776; x_wconf 89' lang='lat' dir='ltr'>damnorum</span> <span class='ocrx_word' id='word_1_135' title='bbox 483 1716 683 1796; x_wconf 87' lang='lat' dir='ltr'>spiritualium,</span> <span class='ocrx_word' id='word_1_136' title='bbox 705 1724 772 1776; x_wconf 82' lang='lat' dir='ltr'>crim</span> <span class='ocrx_word' id='word_1_137' title='bbox 787 1719 838 1778; x_wconf 91' lang='lat' dir='ltr'>levi</span> <span class='ocrx_word' id='word_1_138' title='bbox 852 1725 940 1795; x_wconf 81' lang='lat' dir='ltr'>queat</span> <span class='ocrx_word' id='word_1_139' title='bbox 953 1736 995 1776; x_wconf 86' lang='lat' dir='ltr'>re·</span> 
     </span>
     <span class='ocr_line' id='line_1_20' title="bbox 56 1797 997 1878; baseline 0.002 -22"><span class='ocrx_word' id='word_1_140' title='bbox 56 1798 128 1856; x_wconf 87' lang='lat' dir='ltr'>dimi</span> <span class='ocrx_word' id='word_1_141' title='bbox 156 1799 311 1878; x_wconf 81' lang='lat' dir='ltr'>stipendio:</span> <span class='ocrx_word' id='word_1_142' title='bbox 334 1800 399 1857; x_wconf 92' lang='lat' dir='ltr'>hinc</span> <span class='ocrx_word' id='word_1_143' title='bbox 419 1818 451 1858; x_wconf 80' lang='lat' dir='ltr'>ut</span> <span class='ocrx_word' id='word_1_144' title='bbox 478 1803 570 1857; x_wconf 84' lang='lat' dir='ltr'>minus</span> <span class='ocrx_word' id='word_1_145' title='bbox 598 1797 715 1858; x_wconf 90' lang='lat' dir='ltr'>dubium</span> <span class='ocrx_word' id='word_1_146' title='bbox 745 1808 795 1870; x_wconf 86' lang='lat' dir='ltr'>est,</span> <span class='ocrx_word' id='word_1_147' title='bbox 817 1819 853 1858; x_wconf 89' lang='lat' dir='ltr'>an</span> <span class='ocrx_word' id='word_1_148' title='bbox 876 1818 932 1858; x_wconf 87' lang='lat' dir='ltr'>uon</span> <span class='ocrx_word' id='word_1_149' title='bbox 960 1800 997 1858; x_wconf 82' lang='lat' dir='ltr'>eit</span> 
     </span>
     <span class='ocr_line' id='line_1_21' title="bbox 56 1879 186 1938; baseline 0.015 -2"><span class='ocrx_word' id='word_1_150' title='bbox 56 1879 186 1938; x_wconf 84' lang='lat' dir='ltr'>mortale.</span> 
     </span>
    </p>

    <p class='ocr_par' dir='ltr' id='par_1_6' title="bbox 58 1960 995 2200">
     <span class='ocr_line' id='line_1_22' title="bbox 96 1960 995 2041; baseline 0.004 -24"><span class='ocrx_word' id='word_1_151' title='bbox 96 1960 177 2030; x_wconf 85' lang='lat' dir='ltr'>Quid</span> <span class='ocrx_word' id='word_1_152' title='bbox 188 1961 374 2040; x_wconf 88' lang='lat' dir='ltr'>judicandum</span> <span class='ocrx_word' id='word_1_153' title='bbox 390 1960 426 2018; x_wconf 89' lang='lat' dir='ltr'>de</span> <span class='ocrx_word' id='word_1_154' title='bbox 442 1980 507 2018; x_wconf 80' lang='lat' dir='ltr'>casu</span> <span class='ocrx_word' id='word_1_155' title='bbox 528 1981 583 2041; x_wconf 85' lang='lat' dir='ltr'>quo</span> <span class='ocrx_word' id='word_1_156' title='bbox 596 1961 659 2038; x_wconf 86' lang='lat' dir='ltr'>quis</span> <span class='ocrx_word' id='word_1_157' title='bbox 672 1963 803 2040; x_wconf 82' lang='lat' dir='ltr'>pecunias</span> <span class='ocrx_word' id='word_1_158' title='bbox 828 1962 931 2039; x_wconf 88' lang='lat' dir='ltr'>accipit</span> <span class='ocrx_word' id='word_1_159' title='bbox 944 1980 995 2040; x_wconf 80' lang='lat' dir='ltr'>pne</span> 
     </span>
     <span class='ocr_line' id='line_1_23' title="bbox 59 2039 994 2122; baseline 0.005 -25"><span class='ocrx_word' id='word_1_160' title='bbox 59 2039 163 2110; x_wconf 72' lang='lat' dir='ltr'>Missis,</span> <span class='ocrx_word' id='word_1_161' title='bbox 185 2054 215 2101; x_wconf 90' lang='lat' dir='ltr'>et</span> <span class='ocrx_word' id='word_1_162' title='bbox 241 2061 359 2119; x_wconf 89' lang='lat' dir='ltr'>quarum</span> <span class='ocrx_word' id='word_1_163' title='bbox 375 2041 563 2120; x_wconf 83' lang='lat' dir='ltr'>obligationes</span> <span class='ocrx_word' id='word_1_164' title='bbox 578 2041 706 2102; x_wconf 84' lang='lat' dir='ltr'>transfert</span> <span class='ocrx_word' id='word_1_165' title='bbox 720 2044 749 2102; x_wconf 90' lang='lat' dir='ltr'>in</span> <span class='ocrx_word' id='word_1_166' title='bbox 777 2043 846 2103; x_wconf 84' lang='lat' dir='ltr'>elice</span> <span class='ocrx_word' id='word_1_167' title='bbox 860 2063 908 2122; x_wconf 88' lang='lat' dir='ltr'>pro</span> <span class='ocrx_word' id='word_1_168' title='bbox 921 2062 994 2102; x_wconf 86' lang='lat' dir='ltr'>mer·</span> 
     </span>
     <span class='ocr_line' id='line_1_24' title="bbox 58 2121 347 2200; baseline 0.007 -21"><span class='ocrx_word' id='word_1_169' title='bbox 58 2121 139 2180; x_wconf 84' lang='lat' dir='ltr'>cibus</span> <span class='ocrx_word' id='word_1_170' title='bbox 153 2143 178 2180; x_wconf 78' lang='lat' dir='ltr'>r.</span> <span class='ocrx_word' id='word_1_171' title='bbox 189 2143 216 2200; x_wconf 85' lang='lat' dir='ltr'>g.</span> <span class='ocrx_word' id='word_1_172' title='bbox 229 2122 347 2181; x_wconf 82' lang='lat' dir='ltr'>Libris?</span> 
     </span>
    </p>

    <p class='ocr_par' dir='ltr' id='par_1_7' title="bbox 56 2202 993 2687">
     <span class='ocr_line' id='line_1_25' title="bbox 102 2202 992 2284; baseline 0.004 -23"><span class='ocrx_word' id='word_1_173' title='bbox 102 2203 139 2261; x_wconf 87' lang='lat' dir='ltr'>R.</span> <span class='ocrx_word' id='word_1_174' title='bbox 168 2203 296 2272; x_wconf 85' lang='lat' dir='ltr'>Billuart‚</span> <span class='ocrx_word' id='word_1_175' title='bbox 319 2205 347 2263; x_wconf 90' lang='lat' dir='ltr'>id</span> <span class='ocrx_word' id='word_1_176' title='bbox 365 2224 425 2261; x_wconf 90' lang='lat' dir='ltr'>esse</span> <span class='ocrx_word' id='word_1_177' title='bbox 452 2205 571 2272; x_wconf 87' lang='lat' dir='ltr'>licitum,</span> <span class='ocrx_word' id='word_1_178' title='bbox 593 2207 736 2284; x_wconf 72' lang='lat' dir='ltr'>suppositi</span> <span class='ocrx_word' id='word_1_179' title='bbox 752 2202 920 2265; x_wconf 83' lang='lat' dir='ltr'>certitudine</span> <span class='ocrx_word' id='word_1_180' title='bbox 934 2224 992 2265; x_wconf 84' lang='lat' dir='ltr'>mo·</span> 
     </span>
     <span class='ocr_line' id='line_1_26' title="bbox 58 2284 993 2366; baseline 0.004 -25"><span class='ocrx_word' id='word_1_181' title='bbox 58 2285 120 2355; x_wconf 80' lang='lat' dir='ltr'>roll,</span> <span class='ocrx_word' id='word_1_182' title='bbox 141 2284 216 2364; x_wconf 80' lang='lat' dir='ltr'>qudd</span> <span class='ocrx_word' id='word_1_183' title='bbox 232 2285 327 2345; x_wconf 82' lang='lat' dir='ltr'>Missae</span> <span class='ocrx_word' id='word_1_184' title='bbox 341 2306 392 2343; x_wconf 88' lang='lat' dir='ltr'>suo</span> <span class='ocrx_word' id='word_1_185' title='bbox 406 2295 531 2364; x_wconf 78' lang='lat' dir='ltr'>tempora</span> <span class='ocrx_word' id='word_1_186' title='bbox 545 2286 719 2345; x_wconf 77' lang='lat' dir='ltr'>celebrandae</span> <span class='ocrx_word' id='word_1_187' title='bbox 731 2287 786 2345; x_wconf 87' lang='lat' dir='ltr'>sint</span> <span class='ocrx_word' id='word_1_188' title='bbox 800 2291 819 2358; x_wconf 86' lang='lat'>;&#39;&#39;</span> <span class='ocrx_word' id='word_1_189' title='bbox 836 2289 904 2344; x_wconf 89' lang='lat' dir='ltr'>item</span> <span class='ocrx_word' id='word_1_190' title='bbox 927 2306 993 2366; x_wconf 77' lang='lat' dir='ltr'>sup·</span> 
     </span>
     <span class='ocr_line' id='line_1_27' title="bbox 57 2365 993 2447; baseline 0.006 -25"><span class='ocrx_word' id='word_1_191' title='bbox 57 2369 158 2444; x_wconf 86' lang='lat' dir='ltr'>posito,</span> <span class='ocrx_word' id='word_1_192' title='bbox 179 2365 253 2445; x_wconf 90' lang='lat' dir='ltr'>qudd</span> <span class='ocrx_word' id='word_1_193' title='bbox 269 2387 327 2424; x_wconf 90' lang='lat' dir='ltr'>non</span> <span class='ocrx_word' id='word_1_194' title='bbox 345 2367 493 2444; x_wconf 90' lang='lat' dir='ltr'>recipiatur</span> <span class='ocrx_word' id='word_1_195' title='bbox 521 2368 588 2446; x_wconf 86' lang='lat' dir='ltr'>plus,</span> <span class='ocrx_word' id='word_1_196' title='bbox 611 2370 698 2446; x_wconf 81' lang='lat' dir='ltr'>qudm</span> <span class='ocrx_word' id='word_1_197' title='bbox 725 2369 993 2447; x_wconf 87' lang='lat' dir='ltr'>acceptumstipen·</span> 
     </span>
     <span class='ocr_line' id='line_1_28' title="bbox 58 2447 993 2528; baseline 0.004 -23"><span class='ocrx_word' id='word_1_198' title='bbox 58 2447 154 2514; x_wconf 84' lang='lat' dir='ltr'>dium;</span> <span class='ocrx_word' id='word_1_199' title='bbox 177 2447 277 2505; x_wconf 86' lang='lat' dir='ltr'>deinde</span> <span class='ocrx_word' id='word_1_200' title='bbox 291 2450 376 2506; x_wconf 84' lang='lat' dir='ltr'>etiem</span> <span class='ocrx_word' id='word_1_201' title='bbox 391 2451 418 2506; x_wconf 90' lang='lat' dir='ltr'>in</span> <span class='ocrx_word' id='word_1_202' title='bbox 433 2451 585 2527; x_wconf 82' lang='lat' dir='ltr'>supposito,</span> <span class='ocrx_word' id='word_1_203' title='bbox 601 2449 676 2528; x_wconf 88' lang='lat' dir='ltr'>qudd</span> <span class='ocrx_word' id='word_1_204' title='bbox 689 2468 797 2507; x_wconf 89' lang='lat' dir='ltr'>merces</span> <span class='ocrx_word' id='word_1_205' title='bbox 812 2451 867 2509; x_wconf 90' lang='lat' dir='ltr'>sint</span> <span class='ocrx_word' id='word_1_206' title='bbox 876 2454 993 2528; x_wconf 86' lang='lat' dir='ltr'>emptori</span> 
     </span>
     <span class='ocr_line' id='line_1_29' title="bbox 58 2527 992 2608; baseline 0.007 -25"><span class='ocrx_word' id='word_1_207' title='bbox 58 2527 140 2606; x_wconf 69' lang='lat' dir='ltr'>oque</span> <span class='ocrx_word' id='word_1_208' title='bbox 155 2536 239 2606; x_wconf 81' lang='lat' dir='ltr'>gratae</span> <span class='ocrx_word' id='word_1_209' title='bbox 255 2537 284 2586; x_wconf 90' lang='lat' dir='ltr'>et</span> <span class='ocrx_word' id='word_1_210' title='bbox 299 2531 380 2587; x_wconf 86' lang='lat' dir='ltr'>utiles</span> <span class='ocrx_word' id='word_1_211' title='bbox 401 2549 435 2586; x_wconf 84' lang='lat' dir='ltr'>nc</span> <span class='ocrx_word' id='word_1_212' title='bbox 450 2532 518 2607; x_wconf 82' lang='lat' dir='ltr'>ipsae</span> <span class='ocrx_word' id='word_1_213' title='bbox 534 2532 681 2608; x_wconf 85' lang='lat' dir='ltr'>pecuniae;</span> <span class='ocrx_word' id='word_1_214' title='bbox 704 2529 770 2588; x_wconf 90' lang='lat' dir='ltr'>inde</span> <span class='ocrx_word' id='word_1_215' title='bbox 785 2532 860 2588; x_wconf 86' lang='lat' dir='ltr'>enlm</span> <span class='ocrx_word' id='word_1_216' title='bbox 885 2534 992 2590; x_wconf 71' lang='lat' dir='ltr'>nemim</span> 
     </span>
     <span class='ocr_line' id='line_1_30' title="bbox 56 2607 508 2687; baseline 0.013 -24"><span class='ocrx_word' id='word_1_217' title='bbox 56 2607 173 2666; x_wconf 85' lang='lat' dir='ltr'>iuiertur</span> <span class='ocrx_word' id='word_1_218' title='bbox 188 2609 322 2667; x_wconf 87' lang='lat' dir='ltr'>damnum</span> <span class='ocrx_word' id='word_1_219' title='bbox 337 2619 385 2668; x_wconf 87' lang='lat' dir='ltr'>out</span> <span class='ocrx_word' id='word_1_220' title='bbox 399 2610 508 2687; x_wconf 82' lang='lat' dir='ltr'>injuria.</span> 
     </span>
    </p>

    <p class='ocr_par' dir='ltr' id='par_1_8' title="bbox 56 2688 991 2896">
     <span class='ocr_line' id='line_1_31' title="bbox 97 2688 990 2770; baseline 0.007 -24"><span class='ocrx_word' id='word_1_221' title='bbox 97 2693 144 2746; x_wconf 80' lang='lat' dir='ltr'>An</span> <span class='ocrx_word' id='word_1_222' title='bbox 159 2688 225 2747; x_wconf 90' lang='lat' dir='ltr'>licet</span> <span class='ocrx_word' id='word_1_223' title='bbox 238 2691 382 2749; x_wconf 87' lang='lat' dir='ltr'>Sacerdoti</span> <span class='ocrx_word' id='word_1_224' title='bbox 401 2693 482 2769; x_wconf 88' lang='lat' dir='ltr'>plura</span> <span class='ocrx_word' id='word_1_225' title='bbox 497 2711 646 2769; x_wconf 82' lang='lat' dir='ltr'>congerere</span> <span class='ocrx_word' id='word_1_226' title='bbox 663 2689 805 2770; x_wconf 85' lang='lat' dir='ltr'>stipendia</span> <span class='ocrx_word' id='word_1_227' title='bbox 828 2690 990 2766; x_wconf 74' lang='lat' dir='ltr'>Missurum,</span> 
     </span>
     <span class='ocr_line' id='line_1_32' title="bbox 56 2771 991 2896; baseline 0.01 -70"><span class='ocrx_word' id='word_1_228' title='bbox 56 2789 126 2847; x_wconf 85' lang='lat' dir='ltr'>quas</span> <span class='ocrx_word' id='word_1_229' title='bbox 140 2771 273 2896; x_wconf 69' lang='lat' dir='ltr'>qraevidet</span> <span class='ocrx_word' id='word_1_230' title='bbox 294 2793 350 2830; x_wconf 89' lang='lat' dir='ltr'>non</span> <span class='ocrx_word' id='word_1_231' title='bbox 378 2775 429 2830; x_wconf 90' lang='lat' dir='ltr'>uisi</span> <span class='ocrx_word' id='word_1_232' title='bbox 457 2783 518 2850; x_wconf 84' lang='lat' dir='ltr'>post</span> <span class='ocrx_word' id='word_1_233' title='bbox 543 2774 706 2832; x_wconf 88' lang='lat' dir='ltr'>diuturnum</span> <span class='ocrx_word' id='word_1_234' title='bbox 729 2785 839 2851; x_wconf 87' lang='lat' dir='ltr'>ternpus</span> <span class='ocrx_word' id='word_1_235' title='bbox 858 2773 991 2835; x_wconf 81' lang='lat' dir='ltr'>celebrari</span> 
     </span>
    </p>

    <p class='ocr_par' dir='ltr' id='par_1_9' title="bbox 53 2870 1023 3500">
     <span class='ocr_line' id='line_1_33' title="bbox 94 2872 158 2909; baseline 0.031 -2"><span class='ocrx_word' id='word_1_236' title='bbox 94 2872 158 2909; x_wconf 74' lang='lat' dir='ltr'>..e.</span> 
     </span>
     <span class='ocr_line' id='line_1_34' title="bbox 54 2870 988 3015; baseline 0.009 -28"><span class='ocrx_word' id='word_1_237' title='bbox 54 2870 168 2990; x_wconf 60' lang='lat' dir='ltr'>pc&gt;IIII.</span> <span class='ocrx_word' id='word_1_238' title='bbox 186 2934 221 2992; x_wconf 88' lang='lat' dir='ltr'>R.</span> <span class='ocrx_word' id='word_1_239' title='bbox 239 2934 392 3012; x_wconf 44' lang='lat' dir='ltr'>Negatis&amp;</span> <span class='ocrx_word' id='word_1_240' title='bbox 407 2934 562 3013; x_wconf 90' lang='lat' dir='ltr'>etquidem</span> <span class='ocrx_word' id='word_1_241' title='bbox 577 2941 676 3014; x_wconf 89' lang='lat' dir='ltr'>peccat</span> <span class='ocrx_word' id='word_1_242' title='bbox 689 2935 854 3002; x_wconf 85' lang='lat' dir='ltr'>mortaliter,</span> <span class='ocrx_word' id='word_1_243' title='bbox 866 2937 915 3015; x_wconf 90' lang='lat' dir='ltr'>qui</span> <span class='ocrx_word' id='word_1_244' title='bbox 928 2935 988 2998; x_wconf 81' lang='lat' dir='ltr'>dia-</span> 
     </span>
     <span class='ocr_line' id='line_1_35' title="bbox 54 3016 989 3094; baseline 0.004 -22"><span class='ocrx_word' id='word_1_245' title='bbox 54 3017 118 3078; x_wconf 79' lang='lat' dir='ltr'>iius,</span> <span class='ocrx_word' id='word_1_246' title='bbox 142 3016 227 3091; x_wconf 69' lang='lat' dir='ltr'>quiem</span> <span class='ocrx_word' id='word_1_247' title='bbox 242 3036 294 3094; x_wconf 89' lang='lat' dir='ltr'>par</span> <span class='ocrx_word' id='word_1_248' title='bbox 305 3025 356 3084; x_wconf 82' lang='lat' dir='ltr'>est,</span> <span class='ocrx_word' id='word_1_249' title='bbox 378 3016 471 3074; x_wconf 79' lang='lat' dir='ltr'>differt</span> <span class='ocrx_word' id='word_1_250' title='bbox 486 3017 596 3088; x_wconf 80' lang='lat' dir='ltr'>Missas,</span> <span class='ocrx_word' id='word_1_251' title='bbox 621 3028 648 3074; x_wconf 90' lang='lat' dir='ltr'>et</span> <span class='ocrx_word' id='word_1_252' title='bbox 663 3017 801 3074; x_wconf 83' lang='lat' dir='ltr'>obnoxius</span> <span class='ocrx_word' id='word_1_253' title='bbox 815 3028 858 3075; x_wconf 88' lang='lat' dir='ltr'>est</span> <span class='ocrx_word' id='word_1_254' title='bbox 880 3020 989 3078; x_wconf 82' lang='lat' dir='ltr'>restitu-</span> 
     </span>
     <span class='ocr_line' id='line_1_36' title="bbox 53 3096 988 3174; baseline 0.003 -22"><span class='ocrx_word' id='word_1_255' title='bbox 53 3096 143 3166; x_wconf 83' lang='lat' dir='ltr'>tioni3</span> <span class='ocrx_word' id='word_1_256' title='bbox 166 3099 231 3173; x_wconf 87' lang='lat' dir='ltr'>quia</span> <span class='ocrx_word' id='word_1_257' title='bbox 246 3101 318 3155; x_wconf 87' lang='lat' dir='ltr'>sicut</span> <span class='ocrx_word' id='word_1_258' title='bbox 332 3105 429 3174; x_wconf 86' lang='lat' dir='ltr'>peccat</span> <span class='ocrx_word' id='word_1_259' title='bbox 443 3099 594 3155; x_wconf 86' lang='lat' dir='ltr'>mortaliter</span> <span class='ocrx_word' id='word_1_260' title='bbox 608 3096 711 3156; x_wconf 81' lang='lat' dir='ltr'>diutiirs</span> <span class='ocrx_word' id='word_1_261' title='bbox 732 3100 791 3157; x_wconf 74' lang='lat' dir='ltr'>sine</span> <span class='ocrx_word' id='word_1_262' title='bbox 805 3119 893 3156; x_wconf 85' lang='lat' dir='ltr'>causa</span> <span class='ocrx_word' id='word_1_263' title='bbox 907 3098 988 3158; x_wconf 81' lang='lat' dir='ltr'>diffe-</span> 
     </span>
     <span class='ocr_line' id='line_1_37' title="bbox 53 3177 989 3260; baseline 0.006 -26"><span class='ocrx_word' id='word_1_264' title='bbox 53 3197 117 3234; x_wconf 83' lang='lat' dir='ltr'>reus</span> <span class='ocrx_word' id='word_1_265' title='bbox 127 3177 292 3235; x_wconf 85' lang='lat' dir='ltr'>solutionem</span> <span class='ocrx_word' id='word_1_266' title='bbox 308 3177 394 3235; x_wconf 88' lang='lat' dir='ltr'>debiti</span> <span class='ocrx_word' id='word_1_267' title='bbox 410 3180 581 3256; x_wconf 88' lang='lat' dir='ltr'>temporalis,</span> <span class='ocrx_word' id='word_1_268' title='bbox 595 3199 633 3236; x_wconf 88' lang='lat' dir='ltr'>ex</span> <span class='ocrx_word' id='word_1_269' title='bbox 649 3199 705 3258; x_wconf 89' lang='lat' dir='ltr'>qua</span> <span class='ocrx_word' id='word_1_270' title='bbox 719 3179 853 3237; x_wconf 86' lang='lat' dir='ltr'>diletione</span> <span class='ocrx_word' id='word_1_271' title='bbox 867 3183 989 3260; x_wconf 79' lang='lat' dir='ltr'>sequitur</span> 
     </span>
     <span class='ocr_line' id='line_1_38' title="bbox 54 3257 989 3338; baseline 0.005 -23"><span class='ocrx_word' id='word_1_272' title='bbox 54 3277 139 3335; x_wconf 75' lang='lat' dir='ltr'>grave</span> <span class='ocrx_word' id='word_1_273' title='bbox 147 3257 279 3315; x_wconf 89' lang='lat' dir='ltr'>damnum</span> <span class='ocrx_word' id='word_1_274' title='bbox 290 3259 486 3317; x_wconf 82' lang='lat' dir='ltr'>creditoricum</span> <span class='ocrx_word' id='word_1_275' title='bbox 498 3259 670 3337; x_wconf 84' lang='lat' dir='ltr'>obligatione</span> <span class='ocrx_word' id='word_1_276' title='bbox 677 3262 899 3338; x_wconf 85' lang='lat' dir='ltr'>reparandiistud</span> <span class='ocrx_word' id='word_1_277' title='bbox 908 3263 989 3320; x_wconf 86' lang='lat' dir='ltr'>dam·</span> 
     </span>
     <span class='ocr_line' id='line_1_39' title="bbox 53 3340 1023 3420; baseline 0.003 -24"><span class='ocrx_word' id='word_1_278' title='bbox 53 3359 122 3396; x_wconf 89' lang='lat' dir='ltr'>nuru</span> <span class='ocrx_word' id='word_1_279' title='bbox 135 3363 142 3410; x_wconf 86' lang='lat'>;</span> <span class='ocrx_word' id='word_1_280' title='bbox 164 3341 204 3398; x_wconf 93' lang='lat' dir='ltr'>ita</span> <span class='ocrx_word' id='word_1_281' title='bbox 216 3341 342 3399; x_wconf 88' lang='lat' dir='ltr'>similiter</span> <span class='ocrx_word' id='word_1_282' title='bbox 352 3350 382 3397; x_wconf 92' lang='lat' dir='ltr'>et</span> <span class='ocrx_word' id='word_1_283' title='bbox 395 3342 413 3397; x_wconf 76' lang='lat' dir='ltr'>d</span> <span class='ocrx_word' id='word_1_284' title='bbox 424 3340 534 3399; x_wconf 89' lang='lat' dir='ltr'>fortiori</span> <span class='ocrx_word' id='word_1_285' title='bbox 547 3345 583 3399; x_wconf 90' lang='lat' dir='ltr'>de</span> <span class='ocrx_word' id='word_1_286' title='bbox 599 3341 692 3399; x_wconf 88' lang='lat' dir='ltr'>debito</span> <span class='ocrx_word' id='word_1_287' title='bbox 705 3343 852 3420; x_wconf 85' lang='lat' dir='ltr'>spirituali,</span> <span class='ocrx_word' id='word_1_288' title='bbox 872 3351 901 3401; x_wconf 88' lang='lat' dir='ltr'>et</span> <span class='ocrx_word' id='word_1_289' title='bbox 923 3341 990 3402; x_wconf 75' lang='lat' dir='ltr'>ideo</span> <span class='ocrx_word' id='word_1_290' title='bbox 1014 3378 1023 3399; x_wconf 66' lang='lat' dir='ltr'>r</span> 
     </span>
     <span class='ocr_line' id='line_1_40' title="bbox 53 3418 982 3500; baseline 0.008 -24"><span class='ocrx_word' id='word_1_291' title='bbox 53 3421 144 3477; x_wconf 87' lang='lat' dir='ltr'>Sacra</span> <span class='ocrx_word' id='word_1_292' title='bbox 154 3418 339 3499; x_wconf 73' lang='lat' dir='ltr'>congregatio</span> <span class='ocrx_word' id='word_1_293' title='bbox 353 3421 404 3479; x_wconf 87' lang='lat' dir='ltr'>sub</span> <span class='ocrx_word' id='word_1_294' title='bbox 420 3421 536 3482; x_wconf 85' lang='lat' dir='ltr'>Urbano</span> <span class='ocrx_word' id='word_1_295' title='bbox 551 3421 637 3481; x_wconf 90' lang='lat' dir='ltr'>VIII.</span> <span class='ocrx_word' id='word_1_296' title='bbox 648 3425 737 3481; x_wconf 88' lang='lat' dir='ltr'>vetuit</span> <span class='ocrx_word' id='word_1_297' title='bbox 752 3423 868 3500; x_wconf 80' lang='lat' dir='ltr'>singulis</span> <span class='ocrx_word' id='word_1_298' title='bbox 886 3422 982 3483; x_wconf 81' lang='lat' dir='ltr'>Sacer·</span> 
     </span>
    </p>
   </div>
   <div class='ocr_carea' id='block_1_4' title="bbox 51 3501 982 3607">
    <p class='ocr_par' dir='ltr' id='par_1_10' title="bbox 51 3501 982 3607">
     <span class='ocr_line' id='line_1_41' title="bbox 51 3501 982 3607; baseline 0.009 -47"><span class='ocrx_word' id='word_1_299' title='bbox 51 3501 179 3577; x_wconf 81' lang='lat' dir='ltr'>dotibus,</span> <span class='ocrx_word' id='word_1_300' title='bbox 198 3523 235 3562; x_wconf 87' lang='lat' dir='ltr'>ne</span> <span class='ocrx_word' id='word_1_301' title='bbox 249 3503 396 3563; x_wconf 87' lang='lat' dir='ltr'>manuales</span> <span class='ocrx_word' id='word_1_302' title='bbox 408 3504 602 3584; x_wconf 74' lang='lat' dir='ltr'>eleemosynas</span> <span class='ocrx_word' id='word_1_303' title='bbox 618 3524 667 3585; x_wconf 80' lang='lat' dir='ltr'>pro</span> <span class='ocrx_word' id='word_1_304' title='bbox 678 3507 755 3566; x_wconf 81' lang='lat' dir='ltr'>novis</span> <span class='ocrx_word' id='word_1_305' title='bbox 766 3505 864 3566; x_wconf 83' lang='lat' dir='ltr'>llIissia</span> <span class='ocrx_word' id='word_1_306' title='bbox 876 3507 982 3607; x_wconf 54' lang='grc' dir='ltr'>κοίη</span> 
     </span>
    </p>
   </div>
   <div class='ocr_carea' id='block_1_5' title="bbox 969 3612 982 3727">
    <p class='ocr_par' dir='ltr' id='par_1_11' title="bbox 969 3612 982 3727">
     <span class='ocr_line' id='line_1_42' title="bbox 969 3612 982 3727; baseline 0 0"><span class='ocrx_word' id='word_1_307' title='bbox 969 3612 982 3727; x_wconf 91' lang='lat' dir='ltr'>l</span> 
     </span>
    </p>
   </div>
   <div class='ocr_carea' id='block_1_6' title="bbox 0 0 1070 3990">
    <p class='ocr_par' dir='ltr' id='par_1_12' title="bbox 0 0 1070 3990">
     <span class='ocr_line' id='line_1_43' title="bbox 0 0 1070 3990; baseline 0 4"><span class='ocrx_word' id='word_1_308' title='bbox 0 0 1070 3990; x_wconf 95' lang='lat' dir='ltr'> </span> 
     </span>
    </p>
   </div>
  </div>
 </body>
</html>
