2130 3990
93 191 134 249 m
468 206 644 252 ranornroa

95 351 235 412 Passionis
248 357 278 412 at
302 351 481 412 exaltationis
502 355 691 423 instmmenta,
713 372 774 434 qua
795 354 880 413 etiarn
892 356 1016 418 sanetifi-

93 443 157 492 cata
165 439 229 493 sunt
242 442 459 545 percontantem
471 434 600 517 Corporis
611 435 716 496 Christi
727 436 770 495 vei
786 435 966 497 Sanctorum.

116 595 155 653 Ν.
176 591 627 741 29.CONSECTAI}³13U131E2
649 596 791 660 CULTU
809 594 999 658 hauteur-

93 836 116 894 1.
136 836 225 896 hobia
238 837 327 912 Judae,
341 843 393 913 tre.
404 859 461 900 non
470 846 601 918 possunt
612 840 761 900 ltonmari.
805 841 846 900 11.
858 836 923 898 Neo
939 838 1017 898 Dira

135 917 232 997 Virgo
242 918 325 978 cultu
342 919 445 979 Latrrir
469 920 503 978 oh
517 928 683 980 contactum
707 921 830 980 Christi.
873 921 931 980 Ili.
951 922 1019 979 'Cur

130 1019 229 1058 omnes
253 1001 362 1059 Cruces
374 1001 564 1074 honorentur,
579 1010 607 1062 et
619 1021 676 1061 non
692 1021 790 1062 ornnes
803 1002 885 1061 claui
896 1001 942 1061 oei
955 1003 1017 1062 lon·

132 1101 196 1140 cen.
241 1081 294 1142 tv.
319 1081 464 1161 Relt'qur'ae
478 1083 580 1143 dehent
592 1084 626 1141 ab
639 1082 786 1162 quieoopo
799 1081 967 1162 approbari.

132 1241 180 1299 Au
196 1263 260 1323 ergo
277 1251 417 1323 oporteret
434 1243 570 1305 honorare
584 1247 661 1305 labia
673 1244 769 1319 tude,
791 1265 892 1305 manus
906 1245 1018 1305 oruoiii'·

88 1327 225 1402 gentium,
248 1324 312 1397 aira,
327 1334 580 1405 propterattactum
592 1330 711 1407 eorporis
726 1327 853 1386 Christi?
931 1370 934 1375 .

77 1478 79 1483 Ι
133 1404 158 1463 Ι.
182 1405 217 1463 R.
234 1407 324 1479 Nullo
338 1405 437 1465 modo:
459 1411 527 1486 quia
548 1409 597 1468 iiia
617 1408 727 1469 fuerunt
749 1410 937 1467 instrumenta·
954 1410 1019 1466 ania

92 1495 169 1544 mata
196 1488 358 1565 iniquitatis,
387 1508 441 1546 uon
464 1488 639 1548 sanctificata
664 1510 702 1547 ex
731 1497 861 1546 contentu
886 1487 1018 1568 Corporis

92 1567 206 1706 chrispi,
226 1569 275 1628 sed
288 1572 377 1649 potiris
391 1569 541 1628 informata
554 1569 662 1630 molitiei
675 1588 780 1643 eorum,
801 1588 918 1648 quorum
933 1580 1019 1629 arant

89 1666 165 1707 anam
189 1669 227 1708 ra.

132 1731 175 1787 An
196 1732 270 1790 Diva
292 1729 381 1810 Virgo
404 1730 569 1791 honoranda
587 1737 628 1791 est
641 1730 716 1790 cultu
732 1731 836 1790 Latriae
857 1728 1018 1811 respective

88 1818 203 1890 propter
219 1818 379 1872 contactum
395 1812 511 1884 Christi,
524 1815 597 1871 siout
610 1812 690 1871 Crux
705 1811 810 1871 Christi
823 1811 974 1871 adoratur?

132 1891 173 1951 11.
196 1892 232 1950 R.
247 1895 278 1950 S.
293 1892 399 1951 Thom.
413 1902 464 1952 art.
478 1895 508 1952 5.
525 1894 670 1972 negative:
687 1895 765 1972 Disp.
777 1901 826 1961 est,
842 1893 920 1973 quod
935 1890 1016 1951 Crux=

90 1973 126 2031 sit
143 1991 187 2032 res
201 1975 364 2041 inanimata,
384 1973 462 2052 cujus
476 1974 567 2033 cultus
586 1993 636 2054 per
648 1992 678 2032 se
692 1981 733 2032 est
752 1975 863 2032 tantum
878 1979 1015 2055 respon-ti-

89 2071 151 2122 vus;
173 2054 219 2112 sed
235 2056 301 2114 ohrn
317 2055 407 2113 Beata
422 2056 508 2132 Virgo
529 2076 621 2136 capax
641 2058 676 2116 sit
691 2056 813 2114 Persona
828 2055 919 2115 cultris
933 2057 1015 2115 abso·

76 2133 140 2193 viuti
153 2137 305 2196 seeundum
318 2138 449 2215 seipsam,
468 2138 509 2194 sio
524 2136 613 2196 honor
627 2139 654 2194 ei
669 2135 777 2196 delatus
791 2145 921 2195 censetur
934 2137 1015 2196 abso-

88 2215 174 2285 lutus,
196 2227 225 2277 et
239 2239 292 2277 non
317 2223 500 2296 respectivus'3
518 2217 579 2295 jorn
606 2228 699 2277 autem
720 2219 794 2276 Diva
814 2217 902 2296 Virgo
917 2222 1015 2297 nequit

88 2297 196 2356 adorari
209 2300 283 2358 cultu
300 2300 400 2359 Latriae
413 2298 556 2368 absoluto3
578 2319 642 2377 ergo
655 2319 709 2357 neo
722 2302 883 2378 respectiva.

132 2380 161 2437 N
164 2388 220 2451 ota,
241 2381 315 2459 quod
329 2401 389 2438 reru
405 2379 483 2438 Crux
500 2380 604 2440 Christi
624 2379 771 2438 habeatet
791 2383 925 2438 rationem
941 2382 1012 2439 ima·

89 2460 168 2537 ginis,
191 2463 218 2518 in
231 2467 364 2539 quantrtm
379 2462 508 2520 crucifixi
523 2461 640 2519 Domini
653 2461 771 2538 figuram
784 2468 970 2540 representet,
985 2471 1014 2520 et

87 2541 222 2598 rationem
251 2542 388 2620 Reliquiae
411 2551 522 2622 propter
542 2551 702 2600 contactum
730 2544 809 2600 Sacri
833 2544 963 2619 Corporis
985 2549 1013 2601 et

88 2619 252 2698 Sanguinis:
274 2625 336 2683 alie
350 2633 445 2682 autem
455 2644 550 2682 croces
560 2621 595 2681 ad
605 2623 816 2682 similitudinem
829 2642 899 2680 verre
914 2621 1011 2681 Cruoii

87 2699 171 2760 facire
184 2703 288 2763 hahent
300 2710 406 2764 tanttim
419 2708 552 2765 rationem
564 2706 702 2784 imaginis.

129 2781 200 2861 Obj.
217 2785 291 2863 Ergo
315 2807 369 2845 non
389 2792 496 2845 tannim
521 2788 578 2844 veri
601 2787 670 2845 clavi
692 2791 723 2843 et
744 2804 810 2842 vera
832 2784 943 2856 iancea,
961 2784 1011 2842 sed

87 2867 172 2922 etium
188 2885 286 2925 omnes
302 2867 372 2926 elavi
386 2876 415 2926 ot
434 2887 531 2926 omnes
541 2868 644 2927 lancea
658 2866 764 2927 habent
786 2867 919 2926 rationem
939 2868 1011 2927 imas

88 2947 158 3023 ginis
174 2944 279 3006 Christi
294 2948 432 3021 crucifixi,
452 2950 532 3007 etsie
548 2949 674 3005 honorari
689 2955 815 3025 possunt.

129 3026 185 3084 111.
207 3031 241 3086 R.
260 3030 342 3106 Nego
354 3030 510 3108 sequelam
533 3028 570 3086 ad
582 3030 734 3105 imaginem
745 3030 820 3085 enim
836 3047 888 3085 non
905 3024 1010 3086 suffieit

87 3111 440 3188 quaeoumquesimiiitudo‚
449 3111 546 3182 (etsie
560 3127 641 3167 ovum
653 3129 706 3166 non
722 3107 822 3166 dicitur
835 3109 927 3184 imago
941 3108 1009 3168 aite-

86 3192 141 3248 rius
156 3190 213 3268 ovi)
230 3215 237 3252 :
252 3190 298 3248 sed
321 3193 474 3268 requiritur,
497 3200 528 3248 ut
540 3210 629 3248 unum
639 3190 811 3268 exprimatur
824 3209 860 3246 ex
874 3189 962 3248 altero
976 3191 1015 3250 ati

85 3270 144 3347 ojus
157 3271 384 3331 similitudinem:
405 3274 479 3329 siout
497 3290 572 3328 nune
587 3271 689 3328 Cruces
709 3270 792 3327 unice
805 3269 884 3337 fiunt,
906 3271 944 3328 ad
956 3290 1010 3328 ex·

86 3352 263 3428 primendam
286 3357 415 3432 primam,
435 3355 462 3409 in
475 3372 534 3430 qua
551 3351 677 3409 Christus
689 3350 841 3409 crucifixus
864 3358 922 3418 est;
944 3358 1010 3409 ohnr

85 3432 192 3492 nulium
207 3454 283 3492 nuno
298 3435 421 3493 habeant
440 3434 524 3491 alium
544 3452 625 3490 usum
640 3432 715 3509 apud
729 3451 789 3500 nos,
811 3437 871 3510 post
884 3431 1010 3491 edietum

87 3513 263 3573 Constantini
289 3515 460 3595 prohibentia
489 3533 548 3572 reos
576 3514 718 3591 crucifigi:
749 3532 803 3570 non
829 3532 926 3571 omnes
948 3519 1009 3572 nero

85 3595 157 3655 olavi
182 3597 226 3654 vel
250 3597 362 3655 iaooeae·
379 3596 450 3654 fiunt
475 3594 513 3653 ad
539 3596 800 3673 representationem
820 3613 925 3661 eorum,
948 3613 1010 3672 qua

84 3676 196 3735 fuerant
217 3678 398 3736 instrumenta
413 3677 552 3737 Passionis
576 3674 687 3748 Christi,
705 3675 758 3733 sed
780 3675 853 3732 iiunt
875 3675 911 3732 ad
940 3677 1010 3734 alios

74 3755 166 3816 haer:
186 3760 212 3816 si
233 3768 330 3818 tamen
350 3760 378 3818 in
393 3760 518 3840 priorum
539 3758 808 3838 repraesentationem
829 3755 937 3828 herent,
958 3757 1010 3814 susi

663 3948 728 3970 A
