<?xml version="1.0" encoding="UTF-8"?>
<!DOCTYPE html PUBLIC "-//W3C//DTD XHTML 1.0 Transitional//EN"
    "http://www.w3.org/TR/xhtml1/DTD/xhtml1-transitional.dtd">
<html xmlns="http://www.w3.org/1999/xhtml" xml:lang="en" lang="en">
 <head>
  <title>
</title>
<meta http-equiv="Content-Type" content="text/html;charset=utf-8" />
  <meta name='ocr-system' content='tesseract 3.04.00' />
  <meta name='ocr-capabilities' content='ocr_page ocr_carea ocr_par ocr_line ocrx_word'/>
</head>
<body>
  <div class='ocr_page' id='page_1' title='image "./theologiamorali02densgoog_0334.png"; bbox 0 0 2130 3990; ppageno 0'>
   <div class='ocr_carea' id='block_1_1' title="bbox 307 184 925 246">
    <p class='ocr_par' dir='ltr' id='par_1_1' title="bbox 307 184 925 246">
     <span class='ocr_line' id='line_1_1' title="bbox 307 184 925 246; baseline 0.002 -2"><span class='ocrx_word' id='word_1_1' title='bbox 307 202 349 245; x_wconf 76' lang='lat' dir='ltr'>ns</span> <span class='ocrx_word' id='word_1_2' title='bbox 371 200 588 246; x_wconf 78' lang='lat' dir='ltr'>nncnaarsrrs.</span> <span class='ocrx_word' id='word_1_3' title='bbox 864 184 925 246; x_wconf 78' lang='lat'>327</span> 
     </span>
    </p>
   </div>
   <div class='ocr_carea' id='block_1_2' title="bbox 66 424 927 569">
    <p class='ocr_par' dir='ltr' id='par_1_2' title="bbox 66 424 927 569">
     <span class='ocr_line' id='line_1_2' title="bbox 66 424 927 569; baseline 0.005 -85"><span class='ocrx_word' id='word_1_4' title='bbox 66 429 96 485; x_wconf 75' lang='grc'>5.</span> <span class='ocrx_word' id='word_1_5' title='bbox 131 424 191 485; x_wconf 80' lang='lat' dir='ltr'>DE</span> <span class='ocrx_word' id='word_1_6' title='bbox 225 424 803 569; x_wconf 47' lang='lat' dir='ltr'>TEMPtpiRAEEffibssMUNIONEM</span> <span class='ocrx_word' id='word_1_7' title='bbox 826 426 927 488; x_wconf 86' lang='lat' dir='ltr'><strong>PRO·</strong></span> 
     </span>
    </p>
   </div>
   <div class='ocr_carea' id='block_1_3' title="bbox 49 628 983 912">
    <p class='ocr_par' dir='ltr' id='par_1_3' title="bbox 49 628 983 912">
     <span class='ocr_line' id='line_1_3' title="bbox 52 628 983 749; baseline 0 -22"><span class='ocrx_word' id='word_1_8' title='bbox 52 667 219 730; x_wconf 74' lang='lat' dir='ltr'>Ordrirorr&#39;e</span> <span class='ocrx_word' id='word_1_9' title='bbox 232 690 290 731; x_wconf 87' lang='lat' dir='ltr'>non</span> <span class='ocrx_word' id='word_1_10' title='bbox 319 672 507 747; x_wconf 79' lang='lat' dir='ltr'>dispensatur</span> <span class='ocrx_word' id='word_1_11' title='bbox 519 679 592 749; x_wconf 81' lang='lat' dir='ltr'>poet</span> <span class='ocrx_word' id='word_1_12' title='bbox 612 671 770 740; x_wconf 74' lang='lat' dir='ltr'>meridiem,</span> <span class='ocrx_word' id='word_1_13' title='bbox 813 670 854 729; x_wconf 92' lang='grc' dir='ltr'>ΙΙ.</span> <span class='ocrx_word' id='word_1_14' title='bbox 873 664 930 730; x_wconf 83' lang='lat' dir='ltr'>Vel</span> <span class='ocrx_word' id='word_1_15' title='bbox 981 628 983 633; x_wconf 15' lang='lat' dir='ltr'>V</span> 
     </span>
     <span class='ocr_line' id='line_1_4' title="bbox 49 750 955 891; baseline 0.001 -82"><span class='ocrx_word' id='word_1_16' title='bbox 49 752 177 854; x_wconf 68' lang='lat' dir='ltr'>lenonie.</span> <span class='ocrx_word' id='word_1_17' title='bbox 191 751 257 850; x_wconf 72' lang='grc'><strong>111.</strong></span> <span class='ocrx_word' id='word_1_18' title='bbox 279 750 438 891; x_wconf 56' lang='lat' dir='ltr'>Necsend</span> <span class='ocrx_word' id='word_1_19' title='bbox 450 752 576 813; x_wconf 73' lang='lat' dir='ltr'>accidire</span> <span class='ocrx_word' id='word_1_20' title='bbox 591 753 766 851; x_wconf 73' lang='lat' dir='ltr'>Parasceue.</span> <span class='ocrx_word' id='word_1_21' title='bbox 792 752 844 849; x_wconf 56' lang='lat' dir='ltr'>IV:</span> <span class='ocrx_word' id='word_1_22' title='bbox 861 752 927 810; x_wconf 89' lang='lat' dir='ltr'>Nec</span> <span class='ocrx_word' id='word_1_23' title='bbox 953 818 955 825; x_wconf 33' lang='grc' dir='ltr'>Ι</span> 
     </span>
     <span class='ocr_line' id='line_1_5' title="bbox 49 832 867 912; baseline 0 -20"><span class='ocrx_word' id='word_1_24' title='bbox 49 850 169 912; x_wconf 78' lang='lat' dir='ltr'><em>empore</em></span> <span class='ocrx_word' id='word_1_25' title='bbox 184 835 332 892; x_wconf 61' lang='lat' dir='ltr'>cormaco</span> <span class='ocrx_word' id='word_1_26' title='bbox 355 832 425 892; x_wconf 87' lang='lat' dir='ltr'>ocal</span> <span class='ocrx_word' id='word_1_27' title='bbox 450 877 458 893; x_wconf 91' lang='lat'><strong>.</strong></span> <span class='ocrx_word' id='word_1_28' title='bbox 501 833 539 892; x_wconf 91' lang='lat' dir='ltr'>V.</span> <span class='ocrx_word' id='word_1_29' title='bbox 556 834 620 892; x_wconf 86' lang='lat' dir='ltr'>Nec</span> <span class='ocrx_word' id='word_1_30' title='bbox 628 833 750 912; x_wconf 69' lang='lat' dir='ltr'>pluries</span> <span class='ocrx_word' id='word_1_31' title='bbox 765 835 800 892; x_wconf 86' lang='lat' dir='ltr'>de</span> <span class='ocrx_word' id='word_1_32' title='bbox 813 836 867 892; x_wconf 78' lang='lat' dir='ltr'>dre.</span> 
     </span>
    </p>
   </div>
   <div class='ocr_carea' id='block_1_4' title="bbox 47 993 934 3586">
    <p class='ocr_par' dir='ltr' id='par_1_4' title="bbox 49 993 927 1134">
     <span class='ocr_line' id='line_1_6' title="bbox 49 993 927 1134; baseline 0.003 -82"><span class='ocrx_word' id='word_1_33' title='bbox 49 996 88 1134; x_wconf 51' lang='lat' dir='ltr'>teg</span> <span class='ocrx_word' id='word_1_34' title='bbox 101 995 198 1075; x_wconf 81' lang='lat' dir='ltr'>aliquo</span> <span class='ocrx_word' id='word_1_35' title='bbox 211 1002 337 1075; x_wconf 86' lang='lat' dir='ltr'>tempore</span> <span class='ocrx_word' id='word_1_36' title='bbox 350 993 514 1075; x_wconf 83' lang='lat' dir='ltr'>prohibetur</span> <span class='ocrx_word' id='word_1_37' title='bbox 528 994 615 1074; x_wconf 87' lang='lat' dir='ltr'>hujus</span> <span class='ocrx_word' id='word_1_38' title='bbox 626 997 802 1056; x_wconf 83' lang='lat' dir='ltr'>Sacrameuti</span> <span class='ocrx_word' id='word_1_39' title='bbox 817 995 927 1077; x_wconf 87' lang='lat' dir='ltr'>dispen-</span> 
     </span>
     <span class='ocr_line' id='line_1_7' title="bbox 49 1094 63 1134; baseline 0 0"><span class='ocrx_word' id='word_1_40' title='bbox 49 1094 63 1134; x_wconf 78' lang='lat' dir='ltr'>u</span> 
     </span>
    </p>

    <p class='ocr_par' dir='ltr' id='par_1_5' title="bbox 48 1155 930 1561">
     <span class='ocr_line' id='line_1_8' title="bbox 50 1155 925 1238; baseline 0.005 -25"><span class='ocrx_word' id='word_1_41' title='bbox 50 1200 58 1213; x_wconf 92' lang='lat'><strong>.</strong></span> <span class='ocrx_word' id='word_1_42' title='bbox 79 1157 117 1216; x_wconf 78' lang='lat' dir='ltr'>st.</span> <span class='ocrx_word' id='word_1_43' title='bbox 137 1157 252 1238; x_wconf 78' lang='lat' dir='ltr'>Sylvius</span> <span class='ocrx_word' id='word_1_44' title='bbox 278 1159 307 1216; x_wconf 87' lang='lat' dir='ltr'>in</span> <span class='ocrx_word' id='word_1_45' title='bbox 323 1164 375 1215; x_wconf 87' lang='lat' dir='ltr'>art.</span> <span class='ocrx_word' id='word_1_46' title='bbox 393 1155 439 1215; x_wconf 89' lang='lat'>10.</span> <span class='ocrx_word' id='word_1_47' title='bbox 454 1165 554 1236; x_wconf 78' lang='lat' dir='ltr'>quest.</span> <span class='ocrx_word' id='word_1_48' title='bbox 569 1160 619 1219; x_wconf 82' lang='lat'>80.</span> <span class='ocrx_word' id='word_1_49' title='bbox 661 1158 692 1217; x_wconf 87' lang='lat' dir='ltr'>S.</span> <span class='ocrx_word' id='word_1_50' title='bbox 708 1158 816 1221; x_wconf 81' lang='lat' dir='ltr'>Thous.</span> <span class='ocrx_word' id='word_1_51' title='bbox 832 1158 925 1229; x_wconf 87' lang='lat' dir='ltr'>docet,</span> 
     </span>
     <span class='ocr_line' id='line_1_9' title="bbox 48 1236 924 1318; baseline 0.001 -22"><span class='ocrx_word' id='word_1_52' title='bbox 48 1236 80 1305; x_wconf 81' lang='lat' dir='ltr'>d,</span> <span class='ocrx_word' id='word_1_53' title='bbox 94 1243 218 1318; x_wconf 87' lang='lat' dir='ltr'>seposito</span> <span class='ocrx_word' id='word_1_54' title='bbox 228 1236 368 1305; x_wconf 82' lang='lat' dir='ltr'>scandalo,</span> <span class='ocrx_word' id='word_1_55' title='bbox 384 1236 470 1295; x_wconf 80' lang='lat' dir='ltr'>borno</span> <span class='ocrx_word' id='word_1_56' title='bbox 479 1237 595 1316; x_wconf 90' lang='lat' dir='ltr'>jejunus</span> <span class='ocrx_word' id='word_1_57' title='bbox 608 1243 683 1297; x_wconf 90' lang='lat' dir='ltr'>omni</span> <span class='ocrx_word' id='word_1_58' title='bbox 698 1238 835 1298; x_wconf 70' lang='lat' dir='ltr'>horbdiei</span> <span class='ocrx_word' id='word_1_59' title='bbox 849 1259 924 1298; x_wconf 90' lang='lat' dir='ltr'>com·</span> 
     </span>
     <span class='ocr_line' id='line_1_10' title="bbox 48 1318 925 1399; baseline 0.001 -22"><span class='ocrx_word' id='word_1_60' title='bbox 48 1320 140 1385; x_wconf 79' lang='lat' dir='ltr'>sicare</span> <span class='ocrx_word' id='word_1_61' title='bbox 152 1323 256 1399; x_wconf 82' lang='lat' dir='ltr'>possit3</span> <span class='ocrx_word' id='word_1_62' title='bbox 279 1326 402 1378; x_wconf 78' lang='lat' dir='ltr'><strong>attamen</strong></span> <span class='ocrx_word' id='word_1_63' title='bbox 417 1327 500 1376; x_wconf 90' lang='lat' dir='ltr'>extra</span> <span class='ocrx_word' id='word_1_64' title='bbox 522 1318 628 1379; x_wconf 89' lang='lat' dir='ltr'>Viatici</span> <span class='ocrx_word' id='word_1_65' title='bbox 642 1340 739 1379; x_wconf 82' lang='lat' dir='ltr'>casum</span> <span class='ocrx_word' id='word_1_66' title='bbox 752 1321 797 1379; x_wconf 90' lang='lat' dir='ltr'>vel</span> <span class='ocrx_word' id='word_1_67' title='bbox 810 1319 925 1380; x_wconf 82' lang='lat' dir='ltr'>alterius</span> 
     </span>
     <span class='ocr_line' id='line_1_11' title="bbox 48 1401 930 1480; baseline -0.002 -21"><span class='ocrx_word' id='word_1_68' title='bbox 48 1403 178 1473; x_wconf 84' lang='lat' dir='ltr'>essitatis,</span> <span class='ocrx_word' id='word_1_69' title='bbox 199 1401 267 1460; x_wconf 83' lang='lat' dir='ltr'>bora</span> <span class='ocrx_word' id='word_1_70' title='bbox 291 1401 486 1477; x_wconf 82' lang='lat' dir='ltr'>congruentior</span> <span class='ocrx_word' id='word_1_71' title='bbox 507 1408 536 1458; x_wconf 92' lang='lat' dir='ltr'>et</span> <span class='ocrx_word' id='word_1_72' title='bbox 556 1402 642 1480; x_wconf 83' lang='lat' dir='ltr'>juxta</span> <span class='ocrx_word' id='word_1_73' title='bbox 657 1403 793 1461; x_wconf 80' lang='lat' dir='ltr'>Ecclesiae</span> <span class='ocrx_word' id='word_1_74' title='bbox 808 1420 930 1460; x_wconf 75' lang='lat' dir='ltr'>consue.</span> 
     </span>
     <span class='ocr_line' id='line_1_12' title="bbox 48 1479 749 1561; baseline 0.001 -22"><span class='ocrx_word' id='word_1_75' title='bbox 48 1483 124 1540; x_wconf 88' lang='lat' dir='ltr'>inem</span> <span class='ocrx_word' id='word_1_76' title='bbox 137 1481 282 1541; x_wconf 86' lang='lat' dir='ltr'>retinenda</span> <span class='ocrx_word' id='word_1_77' title='bbox 296 1487 339 1539; x_wconf 88' lang='lat' dir='ltr'>est</span> <span class='ocrx_word' id='word_1_78' title='bbox 351 1479 582 1541; x_wconf 87' lang='lat' dir='ltr'>antemeridiana.</span> <span class='ocrx_word' id='word_1_79' title='bbox 746 1554 749 1561; x_wconf 28' lang='grc'>1</span> 
     </span>
    </p>

    <p class='ocr_par' dir='ltr' id='par_1_6' title="bbox 48 1560 926 2035">
     <span class='ocr_line' id='line_1_13' title="bbox 49 1560 922 1639; baseline 0.001 -19"><span class='ocrx_word' id='word_1_80' title='bbox 49 1560 80 1626; x_wconf 85' lang='grc'>1.·</span> <span class='ocrx_word' id='word_1_81' title='bbox 93 1562 262 1622; x_wconf 76' lang='lat' dir='ltr'><strong>Benedictus</strong></span> <span class='ocrx_word' id='word_1_82' title='bbox 286 1560 373 1620; x_wconf 80' lang='lat' dir='ltr'><strong>XIV.</strong></span> <span class='ocrx_word' id='word_1_83' title='bbox 396 1562 444 1620; x_wconf 88' lang='lat' dir='ltr'>lib.</span> <span class='ocrx_word' id='word_1_84' title='bbox 459 1563 488 1619; x_wconf 91' lang='lat'>8.</span> <span class='ocrx_word' id='word_1_85' title='bbox 504 1564 539 1621; x_wconf 89' lang='lat' dir='ltr'>de</span> <span class='ocrx_word' id='word_1_86' title='bbox 554 1563 708 1639; x_wconf 79' lang='lat' dir='ltr'>Sacrificio</span> <span class='ocrx_word' id='word_1_87' title='bbox 721 1563 822 1622; x_wconf 77' lang='lat' dir='ltr'>Misce</span> <span class='ocrx_word' id='word_1_88' title='bbox 834 1582 858 1621; x_wconf 88' lang='lat' dir='ltr'>c.</span> <span class='ocrx_word' id='word_1_89' title='bbox 875 1565 922 1621; x_wconf 87' lang='lat'>18.</span> 
     </span>
     <span class='ocr_line' id='line_1_14' title="bbox 48 1642 926 1723; baseline -0.002 -20"><span class='ocrx_word' id='word_1_90' title='bbox 48 1662 89 1703; x_wconf 90' lang='lat' dir='ltr'>m.</span> <span class='ocrx_word' id='word_1_91' title='bbox 108 1643 155 1705; x_wconf 88' lang='grc'>13.</span> <span class='ocrx_word' id='word_1_92' title='bbox 168 1647 253 1703; x_wconf 86' lang='lat' dir='ltr'>etiam</span> <span class='ocrx_word' id='word_1_93' title='bbox 268 1642 351 1701; x_wconf 84' lang='lat' dir='ltr'>refert</span> <span class='ocrx_word' id='word_1_94' title='bbox 363 1642 507 1702; x_wconf 89' lang='lat' dir='ltr'>decretum</span> <span class='ocrx_word' id='word_1_95' title='bbox 522 1646 615 1704; x_wconf 83' lang='lat' dir='ltr'>Sacrae</span> <span class='ocrx_word' id='word_1_96' title='bbox 632 1645 750 1702; x_wconf 87' lang='lat' dir='ltr'>Rituum</span> <span class='ocrx_word' id='word_1_97' title='bbox 764 1644 926 1723; x_wconf 71' lang='lat' dir='ltr'>congrega·</span> 
     </span>
     <span class='ocr_line' id='line_1_15' title="bbox 48 1723 924 1804; baseline -0.001 -20"><span class='ocrx_word' id='word_1_98' title='bbox 48 1726 81 1785; x_wconf 85' lang='lat' dir='ltr'>ris</span> <span class='ocrx_word' id='word_1_99' title='bbox 95 1723 133 1784; x_wconf 88' lang='lat' dir='ltr'>de</span> <span class='ocrx_word' id='word_1_100' title='bbox 146 1724 192 1784; x_wconf 88' lang='lat' dir='ltr'>die</span> <span class='ocrx_word' id='word_1_101' title='bbox 205 1724 235 1785; x_wconf 82' lang='lat'>7.</span> <span class='ocrx_word' id='word_1_102' title='bbox 264 1723 438 1792; x_wconf 70' lang='lat' dir='ltr'>Decembris,</span> <span class='ocrx_word' id='word_1_103' title='bbox 469 1724 565 1795; x_wconf 72' lang='lat'>1641„</span> <span class='ocrx_word' id='word_1_104' title='bbox 580 1744 636 1804; x_wconf 88' lang='lat' dir='ltr'>quo</span> <span class='ocrx_word' id='word_1_105' title='bbox 651 1725 822 1804; x_wconf 87' lang='lat' dir='ltr'>prohibetur,</span> <span class='ocrx_word' id='word_1_106' title='bbox 844 1744 881 1783; x_wconf 90' lang='lat' dir='ltr'>ne</span> <span class='ocrx_word' id='word_1_107' title='bbox 894 1726 924 1783; x_wconf 91' lang='lat' dir='ltr'>ia</span> 
     </span>
     <span class='ocr_line' id='line_1_16' title="bbox 49 1805 926 1883; baseline -0.005 -16"><span class='ocrx_word' id='word_1_108' title='bbox 49 1812 81 1867; x_wconf 83' lang='lat' dir='ltr'>te</span> <span class='ocrx_word' id='word_1_109' title='bbox 108 1806 139 1864; x_wconf 92' lang='lat' dir='ltr'>N</span> <span class='ocrx_word' id='word_1_110' title='bbox 140 1807 272 1865; x_wconf 84' lang='lat' dir='ltr'>atiritatis</span> <span class='ocrx_word' id='word_1_111' title='bbox 287 1806 404 1865; x_wconf 84' lang='lat' dir='ltr'>Domini</span> <span class='ocrx_word' id='word_1_112' title='bbox 423 1813 484 1883; x_wconf 87' lang='lat' dir='ltr'>post</span> <span class='ocrx_word' id='word_1_113' title='bbox 498 1806 615 1865; x_wconf 81' lang='lat' dir='ltr'>Missam</span> <span class='ocrx_word' id='word_1_114' title='bbox 630 1806 658 1864; x_wconf 91' lang='lat' dir='ltr'>iu</span> <span class='ocrx_word' id='word_1_115' title='bbox 672 1807 767 1865; x_wconf 88' lang='lat' dir='ltr'>media</span> <span class='ocrx_word' id='word_1_116' title='bbox 779 1812 864 1865; x_wconf 81' lang='lat' dir='ltr'>nocte</span> <span class='ocrx_word' id='word_1_117' title='bbox 877 1805 926 1864; x_wconf 90' lang='lat' dir='ltr'>de·</span> 
     </span>
     <span class='ocr_line' id='line_1_17' title="bbox 48 1885 925 1967; baseline -0.003 -20"><span class='ocrx_word' id='word_1_118' title='bbox 48 1894 139 1947; x_wconf 78' lang='lat' dir='ltr'>num</span> <span class='ocrx_word' id='word_1_119' title='bbox 161 1886 315 1947; x_wconf 76' lang='lat' dir='ltr'>successive</span> <span class='ocrx_word' id='word_1_120' title='bbox 338 1885 513 1945; x_wconf 76' lang='lat' dir='ltr'>celebrentur</span> <span class='ocrx_word' id='word_1_121' title='bbox 525 1887 588 1945; x_wconf 79' lang='lat' dir='ltr'>aliae</span> <span class='ocrx_word' id='word_1_122' title='bbox 603 1887 678 1961; x_wconf 81' lang='lat' dir='ltr'>daae,</span> <span class='ocrx_word' id='word_1_123' title='bbox 699 1907 792 1967; x_wconf 89' lang='lat' dir='ltr'>neque</span> <span class='ocrx_word' id='word_1_124' title='bbox 812 1885 925 1945; x_wconf 65' lang='lat' dir='ltr'>eduae</span> 
     </span>
     <span class='ocr_line' id='line_1_18' title="bbox 86 1966 467 2035; baseline -0.014 -8.544"><span class='ocrx_word' id='word_1_125' title='bbox 86 1967 266 2027; x_wconf 78' lang='lat' dir='ltr'>Eucharistia</span> <span class='ocrx_word' id='word_1_126' title='bbox 279 1966 467 2035; x_wconf 85' lang='lat' dir='ltr'>distribuatur.</span> 
     </span>
    </p>

    <p class='ocr_par' dir='ltr' id='par_1_7' title="bbox 47 2047 926 2854">
     <span class='ocr_line' id='line_1_19' title="bbox 48 2047 925 2119; baseline -0.003 -10"><span class='ocrx_word' id='word_1_127' title='bbox 48 2048 96 2109; x_wconf 77' lang='lat' dir='ltr'>tl.</span> <span class='ocrx_word' id='word_1_128' title='bbox 113 2049 216 2119; x_wconf 80' lang='lat' dir='ltr'>Quoad</span> <span class='ocrx_word' id='word_1_129' title='bbox 240 2049 339 2109; x_wconf 80' lang='lat' dir='ltr'>feriam</span> <span class='ocrx_word' id='word_1_130' title='bbox 355 2050 382 2106; x_wconf 90' lang='lat'>6.</span> <span class='ocrx_word' id='word_1_131' title='bbox 398 2052 426 2108; x_wconf 89' lang='lat' dir='ltr'>in</span> <span class='ocrx_word' id='word_1_132' title='bbox 450 2049 602 2107; x_wconf 82' lang='lat' dir='ltr'>Parasceve</span> <span class='ocrx_word' id='word_1_133' title='bbox 618 2050 736 2108; x_wconf 88' lang='lat' dir='ltr'>Domini</span> <span class='ocrx_word' id='word_1_134' title='bbox 750 2049 818 2108; x_wconf 89' lang='lat' dir='ltr'>dicit</span> <span class='ocrx_word' id='word_1_135' title='bbox 832 2047 925 2106; x_wconf 88' lang='lat' dir='ltr'>Bene·</span> 
     </span>
     <span class='ocr_line' id='line_1_20' title="bbox 48 2129 925 2209; baseline -0.002 -20"><span class='ocrx_word' id='word_1_136' title='bbox 48 2148 85 2190; x_wconf 79' lang='lat' dir='ltr'>tus</span> <span class='ocrx_word' id='word_1_137' title='bbox 100 2129 187 2190; x_wconf 89' lang='lat' dir='ltr'><strong>XIV.</strong></span> <span class='ocrx_word' id='word_1_138' title='bbox 213 2151 274 2209; x_wconf 89' lang='lat' dir='ltr'>cap.</span> <span class='ocrx_word' id='word_1_139' title='bbox 303 2133 349 2188; x_wconf 85' lang='lat' dir='ltr'>cit</span> <span class='ocrx_word' id='word_1_140' title='bbox 366 2130 454 2188; x_wconf 88' lang='lat' dir='ltr'>Num.</span> <span class='ocrx_word' id='word_1_141' title='bbox 473 2129 520 2191; x_wconf 85' lang='grc'>14.</span> <span class='ocrx_word' id='word_1_142' title='bbox 544 2139 650 2189; x_wconf 89' lang='lat' dir='ltr'>certum</span> <span class='ocrx_word' id='word_1_143' title='bbox 663 2149 724 2188; x_wconf 89' lang='lat' dir='ltr'>esse</span> <span class='ocrx_word' id='word_1_144' title='bbox 737 2149 795 2189; x_wconf 89' lang='lat' dir='ltr'>non</span> <span class='ocrx_word' id='word_1_145' title='bbox 807 2148 869 2187; x_wconf 89' lang='lat' dir='ltr'>esse</span> <span class='ocrx_word' id='word_1_146' title='bbox 881 2133 925 2187; x_wconf 90' lang='lat' dir='ltr'>in·</span> 
     </span>
     <span class='ocr_line' id='line_1_21' title="bbox 48 2209 925 2283; baseline -0.003 -13"><span class='ocrx_word' id='word_1_147' title='bbox 48 2212 88 2270; x_wconf 79' lang='lat' dir='ltr'>iis</span> <span class='ocrx_word' id='word_1_148' title='bbox 101 2230 136 2269; x_wconf 87' lang='lat' dir='ltr'>eo</span> <span class='ocrx_word' id='word_1_149' title='bbox 151 2211 196 2269; x_wconf 90' lang='lat' dir='ltr'>die</span> <span class='ocrx_word' id='word_1_150' title='bbox 218 2210 397 2270; x_wconf 84' lang='lat' dir='ltr'>tribuendam</span> <span class='ocrx_word' id='word_1_151' title='bbox 416 2211 641 2283; x_wconf 78' lang='lat' dir='ltr'>Eucharistiam3</span> <span class='ocrx_word' id='word_1_152' title='bbox 663 2217 728 2269; x_wconf 81' lang='lat' dir='ltr'>cum</span> <span class='ocrx_word' id='word_1_153' title='bbox 741 2212 806 2269; x_wconf 87' lang='lat' dir='ltr'>talis</span> <span class='ocrx_word' id='word_1_154' title='bbox 817 2213 854 2270; x_wconf 88' lang='lat' dir='ltr'>sit</span> <span class='ocrx_word' id='word_1_155' title='bbox 867 2209 925 2268; x_wconf 83' lang='lat' dir='ltr'>Ec-</span> 
     </span>
     <span class='ocr_line' id='line_1_22' title="bbox 48 2290 923 2371; baseline -0.002 -20"><span class='ocrx_word' id='word_1_156' title='bbox 48 2295 89 2351; x_wconf 80' lang='lat' dir='ltr'>riae</span> <span class='ocrx_word' id='word_1_157' title='bbox 116 2290 254 2351; x_wconf 74' lang='lat' dir='ltr'>Romanae</span> <span class='ocrx_word' id='word_1_158' title='bbox 280 2312 356 2361; x_wconf 87' lang='lat' dir='ltr'>usus,</span> <span class='ocrx_word' id='word_1_159' title='bbox 378 2311 462 2371; x_wconf 88' lang='lat' dir='ltr'>quem</span> <span class='ocrx_word' id='word_1_160' title='bbox 488 2297 592 2351; x_wconf 86' lang='lat' dir='ltr'>servari</span> <span class='ocrx_word' id='word_1_161' title='bbox 605 2295 633 2350; x_wconf 91' lang='lat' dir='ltr'>in</span> <span class='ocrx_word' id='word_1_162' title='bbox 648 2293 703 2351; x_wconf 89' lang='lat' dir='ltr'>hoc</span> <span class='ocrx_word' id='word_1_163' title='bbox 715 2299 822 2370; x_wconf 85' lang='lat' dir='ltr'>punctu</span> <span class='ocrx_word' id='word_1_164' title='bbox 836 2293 923 2349; x_wconf 84' lang='lat' dir='ltr'>etiam</span> 
     </span>
     <span class='ocr_line' id='line_1_23' title="bbox 48 2371 924 2452; baseline -0.002 -20"><span class='ocrx_word' id='word_1_165' title='bbox 48 2373 116 2432; x_wconf 78' lang='lat' dir='ltr'>ndat</span> <span class='ocrx_word' id='word_1_166' title='bbox 140 2374 291 2432; x_wconf 85' lang='lat' dir='ltr'>Decretum</span> <span class='ocrx_word' id='word_1_167' title='bbox 307 2372 541 2452; x_wconf 80' lang='lat' dir='ltr'>congregationis</span> <span class='ocrx_word' id='word_1_168' title='bbox 561 2373 597 2432; x_wconf 88' lang='lat' dir='ltr'>de</span> <span class='ocrx_word' id='word_1_169' title='bbox 611 2372 776 2451; x_wconf 88' lang='lat' dir='ltr'>quotidiana</span> <span class='ocrx_word' id='word_1_170' title='bbox 791 2371 924 2432; x_wconf 86' lang='lat' dir='ltr'>Commu·</span> 
     </span>
     <span class='ocr_line' id='line_1_24' title="bbox 48 2452 847 2528; baseline -0.005 -15"><span class='ocrx_word' id='word_1_171' title='bbox 48 2474 81 2513; x_wconf 86' lang='lat' dir='ltr'>nc</span> <span class='ocrx_word' id='word_1_172' title='bbox 94 2464 258 2513; x_wconf 88' lang='lat' dir='ltr'>emanatum</span> <span class='ocrx_word' id='word_1_173' title='bbox 273 2454 319 2512; x_wconf 88' lang='lat' dir='ltr'>die</span> <span class='ocrx_word' id='word_1_174' title='bbox 336 2452 382 2511; x_wconf 85' lang='lat'>12.</span> <span class='ocrx_word' id='word_1_175' title='bbox 405 2453 559 2528; x_wconf 80' lang='lat' dir='ltr'>Februarii,</span> <span class='ocrx_word' id='word_1_176' title='bbox 580 2452 667 2514; x_wconf 75' lang='lat'><strong>1697.</strong></span> <span class='ocrx_word' id='word_1_177' title='bbox 844 2496 847 2503; x_wconf 87' lang='lat'><strong>.</strong></span> 
     </span>
     <span class='ocr_line' id='line_1_25' title="bbox 48 2528 925 2615; baseline 0 -22"><span class='ocrx_word' id='word_1_178' title='bbox 48 2534 123 2606; x_wconf 58' lang='lat' dir='ltr'>Quod</span> <span class='ocrx_word' id='word_1_179' title='bbox 148 2538 249 2594; x_wconf 88' lang='lat' dir='ltr'>attinet</span> <span class='ocrx_word' id='word_1_180' title='bbox 272 2535 430 2593; x_wconf 88' lang='lat' dir='ltr'>Sabbatum</span> <span class='ocrx_word' id='word_1_181' title='bbox 453 2536 597 2604; x_wconf 86' lang='lat' dir='ltr'>Sanctum,</span> <span class='ocrx_word' id='word_1_182' title='bbox 618 2537 714 2615; x_wconf 86' lang='lat' dir='ltr'>inquit</span> <span class='ocrx_word' id='word_1_183' title='bbox 732 2528 810 2593; x_wconf 83' lang='lat' dir='ltr'>idem</span> <span class='ocrx_word' id='word_1_184' title='bbox 823 2532 925 2593; x_wconf 82' lang='lat' dir='ltr'>eodem</span> 
     </span>
     <span class='ocr_line' id='line_1_26' title="bbox 47 2613 926 2689; baseline -0.002 -15"><span class='ocrx_word' id='word_1_185' title='bbox 47 2634 70 2689; x_wconf 76' lang='lat' dir='ltr'>r,</span> <span class='ocrx_word' id='word_1_186' title='bbox 88 2634 270 2675; x_wconf 88' lang='lat' dir='ltr'>communem</span> <span class='ocrx_word' id='word_1_187' title='bbox 284 2617 480 2674; x_wconf 84' lang='lat' dir='ltr'>existimamus</span> <span class='ocrx_word' id='word_1_188' title='bbox 494 2615 657 2675; x_wconf 82' lang='lat' dir='ltr'>servandam</span> <span class='ocrx_word' id='word_1_189' title='bbox 678 2636 737 2673; x_wconf 90' lang='lat' dir='ltr'>esse</span> <span class='ocrx_word' id='word_1_190' title='bbox 751 2613 926 2673; x_wconf 86' lang='lat' dir='ltr'>consuetudi-</span> 
     </span>
     <span class='ocr_line' id='line_1_27' title="bbox 47 2695 924 2766; baseline -0.003 -10"><span class='ocrx_word' id='word_1_191' title='bbox 47 2696 161 2756; x_wconf 81' lang='lat' dir='ltr'>nnultis</span> <span class='ocrx_word' id='word_1_192' title='bbox 179 2699 232 2755; x_wconf 90' lang='lat' dir='ltr'>nisi</span> <span class='ocrx_word' id='word_1_193' title='bbox 245 2697 362 2755; x_wconf 87' lang='lat' dir='ltr'>infirmis</span> <span class='ocrx_word' id='word_1_194' title='bbox 386 2696 592 2756; x_wconf 84' lang='lat' dir='ltr'>Eucharistiam</span> <span class='ocrx_word' id='word_1_195' title='bbox 615 2695 807 2766; x_wconf 85' lang='lat' dir='ltr'>ministrandi;</span> <span class='ocrx_word' id='word_1_196' title='bbox 830 2700 924 2753; x_wconf 83' lang='lat' dir='ltr'>verum</span> 
     </span>
     <span class='ocr_line' id='line_1_28' title="bbox 47 2775 863 2854; baseline -0.005 -19"><span class='ocrx_word' id='word_1_197' title='bbox 47 2802 54 2835; x_wconf 89' lang='grc' dir='ltr'>ι</span> <span class='ocrx_word' id='word_1_198' title='bbox 66 2777 241 2837; x_wconf 85' lang='lat' dir='ltr'>cousuetudo</span> <span class='ocrx_word' id='word_1_199' title='bbox 254 2798 311 2836; x_wconf 89' lang='lat' dir='ltr'>non</span> <span class='ocrx_word' id='word_1_200' title='bbox 324 2775 432 2836; x_wconf 87' lang='lat' dir='ltr'>videtur</span> <span class='ocrx_word' id='word_1_201' title='bbox 444 2781 473 2836; x_wconf 91' lang='lat' dir='ltr'>in</span> <span class='ocrx_word' id='word_1_202' title='bbox 487 2777 542 2836; x_wconf 83' lang='lat' dir='ltr'>bec</span> <span class='ocrx_word' id='word_1_203' title='bbox 557 2778 684 2854; x_wconf 87' lang='lat' dir='ltr'>Regione</span> <span class='ocrx_word' id='word_1_204' title='bbox 698 2779 863 2835; x_wconf 88' lang='lat' dir='ltr'>communis.</span> 
     </span>
    </p>

    <p class='ocr_par' dir='ltr' id='par_1_8' title="bbox 47 2856 928 3090">
     <span class='ocr_line' id='line_1_29' title="bbox 47 2856 928 2937; baseline -0.002 -21"><span class='ocrx_word' id='word_1_205' title='bbox 47 2856 99 2917; x_wconf 84' lang='lat' dir='ltr'>[V.</span> <span class='ocrx_word' id='word_1_206' title='bbox 126 2859 312 2917; x_wconf 77' lang='lat' dir='ltr'>Eucharistiae</span> <span class='ocrx_word' id='word_1_207' title='bbox 336 2857 503 2937; x_wconf 84' lang='lat' dir='ltr'>dispensatio</span> <span class='ocrx_word' id='word_1_208' title='bbox 525 2858 692 2937; x_wconf 84' lang='lat' dir='ltr'>prohibetur</span> <span class='ocrx_word' id='word_1_209' title='bbox 706 2866 830 2935; x_wconf 86' lang='lat' dir='ltr'>tempore</span> <span class='ocrx_word' id='word_1_210' title='bbox 844 2859 928 2915; x_wconf 87' lang='lat' dir='ltr'>inter·</span> 
     </span>
     <span class='ocr_line' id='line_1_30' title="bbox 47 2937 928 3018; baseline -0.006 -20"><span class='ocrx_word' id='word_1_211' title='bbox 47 2941 69 2998; x_wconf 90' lang='lat' dir='ltr'>ti</span> <span class='ocrx_word' id='word_1_212' title='bbox 83 2939 200 2998; x_wconf 83' lang='lat' dir='ltr'>localis:</span> <span class='ocrx_word' id='word_1_213' title='bbox 222 2941 358 3018; x_wconf 89' lang='lat' dir='ltr'>excipitur</span> <span class='ocrx_word' id='word_1_214' title='bbox 384 2950 478 2997; x_wconf 86' lang='lat' dir='ltr'>tamen</span> <span class='ocrx_word' id='word_1_215' title='bbox 495 2939 637 2999; x_wconf 77' lang='lat' dir='ltr'>Viaticum</span> <span class='ocrx_word' id='word_1_216' title='bbox 648 2938 732 3016; x_wconf 84' lang='lat' dir='ltr'>juxta</span> <span class='ocrx_word' id='word_1_217' title='bbox 746 2956 806 3014; x_wconf 87' lang='lat' dir='ltr'>cap.</span> <span class='ocrx_word' id='word_1_218' title='bbox 833 2937 928 3006; x_wconf 75' lang='lat' dir='ltr'>Quor)</span> 
     </span>
     <span class='ocr_line' id='line_1_31' title="bbox 50 3016 815 3090; baseline -0.007 -11"><span class='ocrx_word' id='word_1_219' title='bbox 50 3036 100 3090; x_wconf 76' lang='lat' dir='ltr'>re,</span> <span class='ocrx_word' id='word_1_220' title='bbox 116 3023 152 3078; x_wconf 79' lang='lat' dir='ltr'>rte</span> <span class='ocrx_word' id='word_1_221' title='bbox 166 3020 268 3080; x_wconf 77' lang='lat' dir='ltr'>Penii.</span> <span class='ocrx_word' id='word_1_222' title='bbox 283 3026 312 3079; x_wconf 81' lang='lat' dir='ltr'>et</span> <span class='ocrx_word' id='word_1_223' title='bbox 328 3020 437 3080; x_wconf 77' lang='lat' dir='ltr'>Remis.</span> <span class='ocrx_word' id='word_1_224' title='bbox 453 3020 515 3079; x_wconf 89' lang='lat' dir='ltr'>Lib.</span> <span class='ocrx_word' id='word_1_225' title='bbox 532 3021 562 3078; x_wconf 81' lang='grc'>5.</span> <span class='ocrx_word' id='word_1_226' title='bbox 580 3022 693 3078; x_wconf 89' lang='lat' dir='ltr'>Deeret.</span> <span class='ocrx_word' id='word_1_227' title='bbox 711 3022 751 3077; x_wconf 90' lang='lat' dir='ltr'>tit.</span> <span class='ocrx_word' id='word_1_228' title='bbox 766 3016 815 3075; x_wconf 81' lang='lat'>38.</span> 
     </span>
    </p>

    <p class='ocr_par' dir='ltr' id='par_1_9' title="bbox 47 3099 934 3586">
     <span class='ocr_line' id='line_1_32' title="bbox 47 3099 932 3181; baseline -0.008 -21"><span class='ocrx_word' id='word_1_229' title='bbox 47 3100 84 3160; x_wconf 82' lang='lat' dir='ltr'>V.</span> <span class='ocrx_word' id='word_1_230' title='bbox 100 3104 210 3172; x_wconf 86' lang='lat' dir='ltr'>Quarto</span> <span class='ocrx_word' id='word_1_231' title='bbox 226 3108 366 3181; x_wconf 86' lang='lat' dir='ltr'>praecepto</span> <span class='ocrx_word' id='word_1_232' title='bbox 380 3112 475 3160; x_wconf 88' lang='lat' dir='ltr'>autem</span> <span class='ocrx_word' id='word_1_233' title='bbox 501 3102 702 3159; x_wconf 80' lang='lat' dir='ltr'>Ecclesiastico</span> <span class='ocrx_word' id='word_1_234' title='bbox 717 3103 833 3158; x_wconf 84' lang='lat' dir='ltr'>vetitum</span> <span class='ocrx_word' id='word_1_235' title='bbox 847 3099 932 3154; x_wconf 87' lang='lat' dir='ltr'>etiam</span> 
     </span>
     <span class='ocr_line' id='line_1_33' title="bbox 47 3181 931 3261; baseline -0.003 -24"><span class='ocrx_word' id='word_1_236' title='bbox 47 3228 49 3237; x_wconf 78' lang='grc'>,</span> <span class='ocrx_word' id='word_1_237' title='bbox 72 3182 174 3261; x_wconf 89' lang='lat' dir='ltr'>pluries</span> <span class='ocrx_word' id='word_1_238' title='bbox 203 3181 303 3241; x_wconf 89' lang='lat' dir='ltr'>eodem</span> <span class='ocrx_word' id='word_1_239' title='bbox 333 3181 377 3240; x_wconf 85' lang='lat' dir='ltr'>die</span> <span class='ocrx_word' id='word_1_240' title='bbox 392 3182 615 3242; x_wconf 83' lang='lat' dir='ltr'>communicare:</span> <span class='ocrx_word' id='word_1_241' title='bbox 637 3182 716 3259; x_wconf 83' lang='lat' dir='ltr'>cujus</span> <span class='ocrx_word' id='word_1_242' title='bbox 729 3182 848 3239; x_wconf 88' lang='lat' dir='ltr'>rationes</span> <span class='ocrx_word' id='word_1_243' title='bbox 863 3196 931 3235; x_wconf 89' lang='lat' dir='ltr'>con-</span> 
     </span>
     <span class='ocr_line' id='line_1_34' title="bbox 47 3257 934 3342; baseline -0.006 -22"><span class='ocrx_word' id='word_1_244' title='bbox 47 3266 141 3321; x_wconf 79' lang='lat' dir='ltr'>tentiae</span> <span class='ocrx_word' id='word_1_245' title='bbox 166 3263 269 3340; x_wconf 83' lang='lat' dir='ltr'>allegat</span> <span class='ocrx_word' id='word_1_246' title='bbox 292 3265 324 3320; x_wconf 87' lang='lat' dir='ltr'>S.</span> <span class='ocrx_word' id='word_1_247' title='bbox 339 3263 398 3321; x_wconf 89' lang='lat' dir='ltr'>Th.</span> <span class='ocrx_word' id='word_1_248' title='bbox 413 3273 510 3342; x_wconf 82' lang='lat' dir='ltr'>quaest.</span> <span class='ocrx_word' id='word_1_249' title='bbox 526 3261 574 3320; x_wconf 74' lang='lat'>80.</span> <span class='ocrx_word' id='word_1_250' title='bbox 602 3271 654 3320; x_wconf 88' lang='lat' dir='ltr'>art.</span> <span class='ocrx_word' id='word_1_251' title='bbox 672 3265 717 3323; x_wconf 91' lang='lat'>10.</span> <span class='ocrx_word' id='word_1_252' title='bbox 733 3261 766 3318; x_wconf 88' lang='lat' dir='ltr'>ad</span> <span class='ocrx_word' id='word_1_253' title='bbox 783 3260 811 3317; x_wconf 80' lang='grc'>4.</span> <span class='ocrx_word' id='word_1_254' title='bbox 826 3257 934 3316; x_wconf 87' lang='lat' dir='ltr'>scilicet</span> 
     </span>
     <span class='ocr_line' id='line_1_35' title="bbox 47 3342 932 3422; baseline -0.005 -22"><span class='ocrx_word' id='word_1_255' title='bbox 47 3342 77 3401; x_wconf 82' lang='lat' dir='ltr'>rid</span> <span class='ocrx_word' id='word_1_256' title='bbox 102 3343 283 3403; x_wconf 80' lang='lat' dir='ltr'>Eucharistia</span> <span class='ocrx_word' id='word_1_257' title='bbox 307 3342 414 3402; x_wconf 90' lang='lat' dir='ltr'>dicatur</span> <span class='ocrx_word' id='word_1_258' title='bbox 437 3347 517 3422; x_wconf 88' lang='lat' dir='ltr'>panis</span> <span class='ocrx_word' id='word_1_259' title='bbox 542 3343 729 3420; x_wconf 85' lang='lat' dir='ltr'>quotidianus,</span> <span class='ocrx_word' id='word_1_260' title='bbox 751 3352 780 3399; x_wconf 91' lang='lat' dir='ltr'>et</span> <span class='ocrx_word' id='word_1_261' title='bbox 793 3349 826 3398; x_wconf 93' lang='lat' dir='ltr'>ut</span> <span class='ocrx_word' id='word_1_262' title='bbox 838 3342 878 3397; x_wconf 79' lang='lat' dir='ltr'>ite</span> <span class='ocrx_word' id='word_1_263' title='bbox 890 3358 932 3397; x_wconf 92' lang='lat' dir='ltr'>re·</span> 
     </span>
     <span class='ocr_line' id='line_1_36' title="bbox 47 3423 934 3503; baseline -0.002 -23"><span class='ocrx_word' id='word_1_264' title='bbox 47 3433 185 3484; x_wconf 81' lang='lat' dir='ltr'>esentctur</span> <span class='ocrx_word' id='word_1_265' title='bbox 209 3428 299 3483; x_wconf 90' lang='lat' dir='ltr'>unitas</span> <span class='ocrx_word' id='word_1_266' title='bbox 329 3425 470 3483; x_wconf 82' lang='lat' dir='ltr'>Passionis</span> <span class='ocrx_word' id='word_1_267' title='bbox 498 3423 618 3482; x_wconf 88' lang='lat' dir='ltr'>Christi:</span> <span class='ocrx_word' id='word_1_268' title='bbox 639 3426 817 3503; x_wconf 86' lang='lat' dir='ltr'>excipiuntur</span> <span class='ocrx_word' id='word_1_269' title='bbox 840 3430 934 3480; x_wconf 83' lang='lat' dir='ltr'>tamen</span> 
     </span>
     <span class='ocr_line' id='line_1_37' title="bbox 47 3505 642 3586; baseline -0.002 -22"><span class='ocrx_word' id='word_1_270' title='bbox 47 3505 113 3566; x_wconf 77' lang='lat' dir='ltr'>idam</span> <span class='ocrx_word' id='word_1_271' title='bbox 130 3527 220 3580; x_wconf 83' lang='lat' dir='ltr'>casus,</span> <span class='ocrx_word' id='word_1_272' title='bbox 241 3506 277 3564; x_wconf 90' lang='lat' dir='ltr'>de</span> <span class='ocrx_word' id='word_1_273' title='bbox 292 3506 391 3586; x_wconf 87' lang='lat' dir='ltr'>quibus</span> <span class='ocrx_word' id='word_1_274' title='bbox 405 3525 479 3564; x_wconf 90' lang='lat' dir='ltr'>nunc</span> <span class='ocrx_word' id='word_1_275' title='bbox 493 3506 642 3583; x_wconf 81' lang='lat' dir='ltr'>agendum.</span> 
     </span>
    </p>
   </div>
   <div class='ocr_carea' id='block_1_5' title="bbox 437 3782 491 3841">
    <p class='ocr_par' dir='ltr' id='par_1_10' title="bbox 437 3782 491 3841">
     <span class='ocr_line' id='line_1_38' title="bbox 437 3782 491 3841; baseline 0 0"><span class='ocrx_word' id='word_1_276' title='bbox 437 3782 491 3841; x_wconf 82' lang='lat' dir='ltr'>2s</span> 
     </span>
    </p>
   </div>
   <div class='ocr_carea' id='block_1_6' title="bbox 0 0 1070 3990">
    <p class='ocr_par' dir='ltr' id='par_1_11' title="bbox 0 0 1070 3990">
     <span class='ocr_line' id='line_1_39' title="bbox 0 0 1070 3990; baseline 0 0"><span class='ocrx_word' id='word_1_277' title='bbox 0 0 1070 3990; x_wconf 95' lang='lat' dir='ltr'> </span> 
     </span>
    </p>
   </div>
  </div>
 </body>
</html>
