2130 3990
102 213 162 275 256
487 229 663 274 resecanur

102 379 131 435 in
147 374 269 453 Hymno
285 372 389 434 Lauda
414 373 490 434 Sion
517 372 634 434 dicitnr:
667 372 774 434 Fracto
797 375 916 432 demam
930 371 1030 432 Sacra·

107 464 215 516 mento·

147 536 235 598 Unda
249 538 336 596 ctiam
346 536 470 608 observa,
491 534 577 614 quod,
596 538 671 596 sicut
685 524 720 595 rlc
734 535 858 607 homino,
882 536 933 615 qui
946 556 1032 594 essen·
1054 552 1058 557 '

104 619 212 678 tialiter
225 619 400 697 componitur
410 636 447 676 ex
461 636 574 696 corpore
587 625 615 677 et
628 620 725 676 anima
746 617 889 690 rationali,
911 616 1031 692 qondam

106 696 296 780 praedicantur
309 700 420 778 propris
440 698 559 776 corpori,
579 697 710 773 quaedam
738 700 852 777 propris
875 699 990 765 anime,
1008 706 1033 756 et

109 779 237 860 quadam
253 781 362 858 utrique
375 780 554 863 communie5
577 779 619 836 ita
633 790 664 839 et
676 778 743 837 huic
770 778 959 839 Sacramenta
984 777 1034 837 alia

46 878 48 888 ·
108 861 299 920 attribuantur
311 863 421 940 propria
443 861 554 918 ratione
576 864 744 938 specierum,
764 860 821 920 alia
842 861 955 920 ratione
971 878 1032 918 con·

111 943 179 1001 tenti
191 941 241 999 sub
255 942 409 1020 speciebus,
432 941 487 999 alia
499 942 622 1018 utrisque
636 943 804 1000 communia.

115 1070 118 1075 .
150 1022 220 1101 Obj.
242 1022 284 1080 II.
307 1021 374 1080 Hoc
388 1023 602 1080 Sacramentum
612 1022 744 1081 adoratur
753 1022 831 1080 cultu
840 1020 930 1081 latria
942 1042 949 1078 :
962 1026 1032 1102 atqui

107 1104 214 1182 species
228 1105 268 1161 sic
279 1103 387 1163 adorari
401 1123 457 1161 non
472 1110 602 1182 possunt:
625 1121 690 1181 ergo
712 1122 767 1183 uon
789 1102 986 1182 ingrediuntur
996 1125 1030 1162 er·

107 1187 226 1244 sentiam
241 1183 428 1242 sacrementi.
492 1190 495 1196 '

152 1266 188 1324 R.
213 1264 290 1342 Neg.
311 1283 424 1341 conseq.
446 1264 522 1334 Quia
529 1263 618 1343 juxta
628 1264 721 1343 plures
736 1263 903 1344 Theologos
911 1264 1032 1325 adoretur
1057 1281 1065 1372 p

109 1347 188 1406 eolus
203 1344 342 1414 Christus,
360 1364 416 1405 uon
431 1346 440 1403 i
460 1364 497 1402 sa
510 1348 636 1424 species3
658 1351 686 1402 et
698 1347 739 1403 sic
751 1345 846 1404 adhuc
862 1346 927 1405 vere
941 1344 1032 1406 dicitnr
1061 1392 1065 1396 .

109 1428 167 1487 hoc
182 1428 398 1486 Sacramentum
414 1365 541 1485 aforsri:
563 1427 629 1506 quia
653 1424 779 1485 Christus
792 1426 964 1507 principales
976 1446 1028 1507 par·
1060 1465 1064 1474 Δ

109 1519 153 1568 tes
173 1507 259 1566 hebet
283 1509 312 1567 in
340 1506 396 1566 hoc
417 1508 615 1578 Sacrament03
637 1508 719 1565 sicuti
731 1505 819 1567 homo
842 1506 948 1567 dicitur
958 1509 1027 1569 intol-
1051 1485 1065 1531 Ι

5 1640 12 1654 .
112 1590 240 1648 lectualia
253 1589 272 1644 ri
284 1588 481 1669 principaliora
495 1597 573 1666 parta
586 1588 718 1658 hominis,
732 1587 839 1647 sufficet
851 1590 961 1653 animi.
1048 1565 1065 1628 -Ι

154 1671 213 1729 Alii
227 1677 321 1730 autem
336 1670 444 1738 dicunt,
460 1688 525 1727 cum
534 1669 647 1728 Christo
661 1670 745 1728 etiam
756 1671 864 1748 specics
872 1669 982 1729 adorari
989 1689 1026 1751 per
1047 1646 1065 1773 ξ

116 1752 235 1810 modum
249 1753 340 1823 unius,
359 1755 497 1830 quatenus
521 1750 630 1809 scilicet
640 1752 747 1828 speeies
760 1751 858 1809 intime
869 1746 1026 1830 'conjungor

115 1839 163 1893 tur
177 1832 296 1910 Corpori
310 1839 339 1890 at
352 1831 489 1909 sanguini
502 1831 618 1905 Christi,
630 1831 794 1910 adaequaet
805 1831 866 1911 ejus
881 1832 1025 1903 Divinitas
1047 1807 1065 1874 '-

116 1915 188 1972 sicut
202 1912 307 1972 Christi
321 1911 496 1971 Humanitas
510 1913 646 1971 adoratur
659 1913 742 1973 simul
757 1913 1027 1988 communitatem
1047 1888 1065 2014 Ι

113 2013 237 2081 purpura
252 1993 339 2074 Regu
351 1994 435 2054 simul
448 2014 514 2055 cum
530 1993 618 2073 Rege.
1048 2025 1065 2042 a
