2130 3990
168 222 212 289 ne
231 222 443 269 recemum
460 224 499 268 m·-
523 225 661 269 cunnus.
837 210 893 272 128

64 367 123 431 Vel
130 370 291 448 procrees
311 375 342 431 et
353 375 421 430 tunc
433 371 548 432 omniuo
557 368 709 433 dicendum
718 367 893 454 ridetur,per

48 469 57 509 ι
127 452 154 511 vi
176 470 236 511 esse
256 449 479 533 premittendem
493 451 694 512 confessionem
705 454 891 513 sumomonte

70 470 171 611 ffijus
192 533 264 592 ratio
286 541 340 604 eet,
360 532 436 613 qrudd
460 533 524 592 telis
548 533 680 593 Minister
700 541 829 594 teneatur
850 535 890 594 cd

48 615 198 692 ugustis:
216 632 282 692 ergo
292 620 401 674 tenetur
407 613 541 673 moralem
551 613 723 692 diligentium
735 611 886 674 adhibere:

48 710 88 753 'c
100 693 220 754 includit
232 695 358 755 medium
372 694 550 764 ordinarium,
571 704 603 753 nt
624 694 750 754 Gratiam
763 695 887 756 sanctifi·
963 758 965 763 .

48 790 73 831 m
85 774 230 850 obtinent.
238 775 314 856 qnod
321 781 371 838 est
382 775 595 835 Semumeutum
609 774 802 847 Poenitentie:
822 796 888 856 ergo

48 862 200 916 cenatur.
538 903 543 911 -

48 932 72 1013 i.
86 935 364 1017 contritieperlecte
371 934 522 1016 justificet:
543 955 619 1016 ergo,
639 938 692 998 tte.

48 1036 90 1097 sp.
119 1017 315 1079 catechismus
346 1019 430 1079 Rom.
461 1017 611 1079 euroldi.
639 1017 675 1075 de
697 1017 885 1079 Sacramenta

48 1102 169 1165 lentie:
193 1098 270 1162 “Ut
291 1099 345 1160 hoc
368 1101 562 1174 concedemus,
582 1099 750 1159 contritione
767 1107 886 1179 peccate

48 1179 89 1253 ui,
123 1182 186 1260 quis
208 1182 326 1261 ignoret,
346 1180 425 1242 illem
448 1180 522 1241 edeo
545 1178 750 1253 vehementem,
777 1197 882 1247 mmm,

48 1278 130 1319 nsum
142 1271 348 1343 monestere,
361 1269 393 1321 ut
403 1262 504 1322 doloris
515 1260 652 1322 acerbitas
664 1278 731 1320 cum
743 1260 883 1321 scelernm

48 1341 185 1419 mitudine
209 1345 312 1423 equari
334 1342 507 1423 conferrique
532 1340 643 1423 possit?
678 1349 719 1415 et,
747 1343 882 1421 quonism

48 1423 76 1481 ci
113 1422 266 1483 admodum
299 1423 337 1485 ed
369 1424 444 1482 hunc
470 1423 586 1502 gradum
617 1423 798 1503 pervenirent,
825 1419 880 1482 &o

48 1503 92 1563 inc
107 1504 252 1565 concludit
272 1524 352 1577 num.
372 1502 438 1581 59.)
462 1503 585 1585 profecto
606 1503 879 1584 quoties..aliquam

48 1592 176 1644 ‚trectere
188 1584 370 1664 aggredimur,
389 1584 468 1664 cujus
481 1585 616 1663 ¹troctetto
636 1583 744 1644 homini
757 1586 879 1664 peccetis

48 1667 180 1725 lenninnto
193 1680 248 1727 non
261 1668 416 1736 conveniet,
439 1666 524 1726 veluti
547 1684 611 1725 cum
636 1666 818 1724 Sacramenta
831 1666 880 1725 ud-

48 1747 181 1884 ilistremus
194 1757 245 1855 ent
256 1748 435 1827 percipimus,
457 1740 539 1806 toties
562 1743 699 1805 confessio
721 1748 894 1826 pretermit-'

57 1845 77 1885 e
90 1846 146 1886 non
159 1827 233 1887 est.'

48 1906 115 1966 inde
134 1908 164 1968 in
186 1909 353 1968 contritione
369 1907 491 1989 perfecte
503 1905 655 1967 includitur
667 1910 764 1967 votum
777 1906 876 1967 Secre-

58 1986 244 2059 Poeoitentiae,
265 1998 295 2049 ol
308 1989 392 2048 docet
413 1988 496 2048 Trid.
518 2009 583 2047 sess.
611 1988 657 2047 14.
680 2007 739 2067 cup.
753 1988 784 2048 4.
808 2006 877 2069 qno-

65 2077 162 2129 entem
186 2074 287 2146 serium
312 2074 414 2150 poterit
435 2069 490 2128 diei
513 2068 680 2128 desiderium
706 2070 876 2148 suscipiendi

48 2159 178 2221 mentum,
193 2153 217 2211 si
229 2151 336 2210 hebent
348 2153 456 2232 copiam
471 2149 649 2221 Confessarii,
671 2157 700 2208 et
712 2157 809 2209 tumen
821 2170 878 2210 non

48 2229 148 2289 entur?

48 2310 55 2370 Ι
78 2330 170 2391 neque
192 2311 335 2370 verisimile
349 2321 401 2386 est,
421 2312 514 2391 inquit
541 2311 691 2382 Deelmen,
699 2311 795 2375 Deum
808 2312 880 2372 velle

48 2412 69 2450 n
95 2393 266 2452 contritionis
290 2392 418 2471 perfecte
430 2393 495 2452 dere
507 2391 557 2466 illi,
579 2396 626 2472 qui
639 2393 729 2452 renuit
742 2391 876 2453 adhibere

48 2475 94 2531 rie
107 2474 199 2531 medie
209 2472 245 2531 nd
256 2473 483 2550 justificationem
497 2475 633 2533 institute.

48 2553 66 2631 j.
94 2554 206 2615 Rituele
230 2554 393 2614 Romanum
412 2561 521 2613 tentdm
536 2555 620 2614 dicit:
641 2556 775 2615 conuenit
787 2556 875 2632 confi-

53 2655 124 2713 ergo
137 2646 179 2694 est
190 2635 251 2694 sole
263 2637 465 2702 convenientia,
486 2656 540 2694 non
557 2645 736 2714 praeceptum.

49 2716 137 2795 Nego
151 2736 263 2795 conseq.
281 2715 394 2778 Riluele
409 2719 483 2775 enim
499 2717 659 2775 Romanum
673 2735 729 2775 non
745 2713 874 2786 vnlt‚nec

48 2799 205 2875 questiones
218 2799 246 2855 in
264 2797 393 2855 Ecclesia
406 2799 525 2875 agitatos
539 2796 675 2869 decidere,
696 2794 744 2855 sed
759 2793 873 2854 abillis

48 2879 129 2947 bere;
150 2886 178 2936 et
201 2877 262 2936 ideo
291 2877 338 2936 hie
363 2881 449 2936 utitur
473 2877 554 2935 verbo
579 2878 709 2951 ambigue
731 2879 871 2944 conuenit,

51 2958 204 3036 aliqnando
223 2958 313 3016 solem
326 2959 541 3016 convenientiam
554 2957 701 3035 significet,
722 2956 874 3036 eliquendo

69 3038 293 3116 obligationem:
328 3038 402 3117 quod
431 3039 561 3097 ultimum
596 3045 681 3118 petet,
716 3037 763 3097 ubi
795 3036 871 3098 idern

48 3124 70 3178 [e
90 3122 175 3199 paulo
197 3128 263 3186 ente
276 3122 316 3177 ite
329 3120 466 3198 loquitur:
488 3129 508 3154 “
524 3117 599 3178 lllnd
611 3128 677 3179 eote
691 3120 788 3179 omnis
799 3121 870 3178 scire

48 3199 193 3261 observare
226 3203 362 3268 convenit,
398 3199 470 3276 qood
504 3207 679 3260 socrosancta
701 3200 870 3259 Tridentino

48 3281 119 3341 odos
140 3281 175 3339 de
198 3283 231 3339 iis
252 3281 364 3339 Ritibus
385 3281 507 3339 decrevit
528 3284 556 3339 in
580 3282 639 3339 haee
659 3279 816 3339 verbesess.
840 3279 871 3342 7.

67 3361 114 3422 13.
130 3366 164 3421 de
184 3362 383 3423 Sacramente'o
394 3385 404 3418 .·
429 3361 462 3419 Si
475 3365 540 3440 quio
555 3362 673 3430 deiceret,
692 3367 821 3436 receptos
841 3368 872 3421 et

48 3443 158 3503 notatos
166 3442 299 3504 ecclesie
311 3441 461 3501 Catholicae
470 3441 700 3517 Rediredcf'ubi
708 3441 871 3511 notandum,

55 3526 195 3603 Steyeert,
217 3524 332 3583 verbum
349 3523 423 3583 istud
437 3527 578 3588 convenit,
601 3521 796 3599 obligationem
812 3544 871 3602 per·

72 3607 238 3688 importare:
261 3605 327 3666 dom
351 3623 415 3683 ergo
438 3613 535 3688 postea
558 3602 625 3665 dicit
646 3599 722 3661 idem
749 3602 871 3675 Ritoele,

430 3703 447 3742 u
