2130 3990
97 188 158 247 268
480 202 660 247 nascamus

96 349 199 409 tualem
229 346 410 407 refectionem
434 349 572 426 significet
607 367 656 428 per
682 346 796 407 modum
827 347 897 415 cibi,
924 356 954 406 et
975 349 1020 407 sub

96 432 190 511 specie
202 429 266 487 Vini
281 449 330 508 per
340 429 453 487 modum
469 433 567 506 potds:
590 429 717 509 adeoque
729 429 780 488 sub
794 437 923 508 utraque
937 432 1022 509 specie

97 511 181 571 simul
195 531 258 569 eam
269 511 408 588 significat
421 510 578 588 perfectius.

140 592 208 671 Obj.
231 591 318 649 Cibus
331 603 360 649 ot
382 605 463 669 potus
486 589 648 670 corporales,
677 597 710 649 ut
729 592 843 649 seorsim
868 588 1021 660 sumibiles,

98 672 230 732 differunt
244 674 334 751 specie
349 681 378 730 et
399 670 561 729 effectibus:
584 691 649 749 ergo
670 672 756 729 etiam
781 669 899 731 diversa
922 673 1023 751 speeie

98 754 295 824 Eucherium,
315 754 424 811 servata
439 756 613 831 proportione
632 751 789 829 Analogiae.

142 835 203 893 lll.
228 834 266 892 R.
288 833 374 912 Nego
388 854 497 911 conseq.
516 836 597 912 Disp.
611 842 656 891 est
672 833 710 891 1⁰·
733 831 809 911 quod
821 831 915 893 famae
928 834 1023 893 erute

98 917 255 996 spirituales
268 917 324 973 siut
337 934 422 972 unum
437 924 466 971 et
490 914 585 972 idem:
608 920 636 971 ot
649 914 770 991 proinde
782 913 857 989 quod
880 924 925 973 est
950 912 1023 972 cibus

100 995 261 1078 spiritualis,
281 998 365 1055 etiam
377 1002 420 1054 est
434 1003 517 1072 potus
529 994 688 1073 spiritualis,
708 1002 737 1052 et
750 994 767 1053 ὸ
779 1002 887 1053 contra
923 1030 926 1035 ·

138 1078 178 1136 2⁰·
201 1075 285 1146 Quod
303 1076 479 1135 Eucherium
492 1074 611 1134 sivosub
622 1095 685 1144 una,
701 1074 1022 1154 eiresubaltemspeeie,

99 1179 138 1216 ox
162 1172 241 1238 parte
265 1160 302 1215 rei
326 1165 462 1215 contentae
492 1155 690 1234 aequivalenter
713 1159 748 1214 sit
771 1155 850 1214 cibus
872 1164 903 1213 et
928 1166 1021 1235 potue:

99 1239 218 1317 ideoque
233 1235 320 1296 efficit
333 1237 452 1296 eandam
466 1236 650 1295 relectionem
661 1236 841 1316 spiritualem,
862 1256 950 1316 quam
973 1238 1021 1315 sig·

99 1321 197 1379 nificat
219 1327 249 1376 et
260 1316 347 1376 efficit
372 1318 423 1376 sub
451 1327 569 1396 utreque
586 1320 681 1396 specie
706 1316 798 1377 simul.
840 1316 1022 1396 corporaliter
1061 1355 1065 1388 ι,

100 1413 195 1459 autem
210 1398 299 1457 fames
320 1408 350 1456 et
371 1402 428 1457 sitis
441 1398 661 1476 distinguuntur,
680 1418 735 1457 nec
761 1398 837 1457 idem
862 1398 1018 1459 alimentum
1064 1437 1065 1442 κ

101 1479 237 1541 ordinarit
260 1480 347 1537 habet
372 1482 501 1537 virtutem
522 1479 578 1537 cibi
600 1482 737 1556 et·pottls
766 1478 869 1552 simul;
899 1481 925 1537 si
951 1481 1017 1540 enim

100 1562 178 1621 illam
205 1561 374 1619 sufficienter
401 1559 528 1625 liaberet,
561 1558 702 1619 sufficeret
730 1561 844 1637 integrae
869 1559 1014 1633 refectioni,

101 1641 364 1722 quomodocumque
378 1647 546 1700 sumeretur.

144 1725 229 1782 Patet
241 1743 279 1780 cx
305 1722 396 1794 dictis,
423 1722 479 1781 hoc
503 1722 714 1781 Sacramentum
738 1723 877 1803 integrum
896 1741 955 1781 ome
974 1724 1016 1782 sul)

102 1807 205 1863 utravis
232 1805 334 1881 specie,
366 1813 395 1862 et
421 1822 509 1861 unum
534 1811 563 1861 et
584 1804 725 1881 integrum
752 1823 812 1863 essa
836 1803 889 1863 sub
912 1812 1017 1883 utraque

101 1888 206 1964 specie,
227 1883 275 1942 sed
288 1885 340 1942 sub
354 1895 472 1962 utraque
485 1887 578 1962 specie
596 1883 751 1962 expressius
765 1894 796 1943 et
809 1884 960 1964 perfectius
983 1891 1017 1944 iu·

102 1977 208 2045 tagram
246 1964 424 2023 refectionem
461 1972 490 2023 et
520 1967 674 2023 convivium
703 1966 844 2044 spirituale
871 1963 1017 2044 significari.

145 2047 220 2104 Vide
234 2044 316 2104 '1¹rid.
330 2066 396 2104 sese.
413 2043 462 2101 21.
477 2065 539 2123 cap.
559 2045 588 2103 3.
912 2042 915 2047 ’

145 2127 192 2185 An
207 2129 420 2186 Sacramentum
445 2127 640 2199 Eucharistiae,
659 2129 732 2184 sicut
754 2138 842 2185 unum
865 2136 909 2186 est
928 2130 1019 2206 specie,

104 2213 144 2268 ita
159 2212 244 2267 etiam
260 2228 345 2266 unum
361 2218 403 2265 est
417 2227 534 2265 numero
550 2207 560 2264 ἓ

147 2289 200 2348 IV.
225 2289 260 2349 R.
284 2289 424 2366 Imprimis
445 2288 564 2366 physice
591 2288 731 2369 loquendo
758 2297 800 2347 tot
820 2297 888 2349 aunt
914 2308 1021 2348 numeru

106 2373 296 2441 Sacramenta,
317 2378 387 2445 quot
399 2380 464 2428 sunt
476 2389 597 2429 numero
609 2372 724 2447 species.

146 2452 187 2516 20·
211 2450 358 2508 llloraliter
372 2449 511 2528 loquendo
527 2450 703 2510 Eucharistiae
716 2470 831 2509 numero
851 2450 1024 2530 multiplicari
1064 2477 1065 2480 ¹

105 2541 212 2612 potest;
237 2531 404 2609 pluraenim
428 2541 493 2588 sunt
516 2542 700 2601 sacramanta,
723 2531 790 2590 dum
816 2531 1025 2591 Eucharistiae
1062 2565 1063 2568 ¹

107 2612 229 2693 pluribus
242 2614 369 2670 sumitur.

146 2690 300 2753 Undeuam
324 2691 474 2773 repetenda
495 2700 537 2752 est
560 2693 608 2752 illa
622 2695 715 2752 unitas
740 2692 784 2751 vel
807 2692 954 2772 pluralitas
974 2712 1021 2751 nu·

109 2773 235 2833 marica?

150 2857 187 2913 R.
212 2855 396 2915 Desumeudo
409 2865 452 2914 est
465 2855 501 2914 ab
517 2854 613 2913 ordine
628 2854 662 2913 ed
679 2875 763 2913 unam
779 2854 824 2913 rel
838 2855 932 2932 plures
947 2852 1029 2913 relec-

106 2938 214 2994 tiones:
236 2937 309 2994 unde
324 2941 346 2994 si
370 2957 440 2994 unus
462 2938 645 2994 continuatim
661 2945 781 2994 sumeret
803 2936 894 3014 plures
908 2936 1032 3008 Hostiae,

107 3018 149 3075 vel
170 3028 319 3095 utramque
333 3021 456 3096 speciem
481 3019 568 3076 Panis
592 3026 622 3075 et
636 3016 715 3083 Vini,
735 3024 778 3074 eet
800 3035 889 3074 unum
917 3036 1032 3075 numero

109 3098 338 3168 Sacramentum
369 3099 437 3176 quia
462 3108 504 3157 est
523 3101 609 3157 unica
635 3097 765 3156 refectio:
794 3098 818 3154 si
841 3101 904 3155 verri
932 3097 1043 3176 pluries¹

107 3189 199 3238 sumat
223 3179 332 3237 diverso
355 3189 491 3257 tempore,
513 3189 579 3237 suut
601 3179 683 3257 plura
704 3197 821 3237 numero
842 3179 1033 3247 Sacramenta,

110 3267 172 3319 ctrm
196 3261 288 3340 plures
309 3260 567 3319 sintrelectiones:
590 3263 663 3317 idern
692 3258 737 3318 dio
766 3259 802 3316 ob
826 3258 947 3317 eandem
970 3260 1036 3317 rati·

112 3361 207 3410 onom,
228 3343 251 3399 si
265 3341 356 3420 pluras
374 3361 411 3399 ex
426 3341 524 3399 eadem
541 3340 644 3399 Hostia
655 3343 681 3400 in
697 3347 786 3420 partae
801 3339 889 3397 divisa
916 3346 1037 3399 sumant.

152 3422 222 3480 Haec
245 3431 342 3500 patent
355 3425 383 3480 in
399 3424 524 3481 convivio
544 3421 697 3500 corporali;
720 3423 744 3479 si
759 3421 836 3478 enim
850 3438 922 3479 unus
945 3428 1038 3479 sumat

111 3504 298 3561 continuatim
325 3524 363 3562 ex
386 3503 509 3583 pluribus
524 3502 643 3572 ferculis,
667 3504 722 3561 erit
733 3521 792 3561 una
805 3498 922 3560 relectio
937 3520 1036 3559 unum·

111 3602 165 3656 qua
179 3583 389 3652 convivium;.d
403 3592 497 3643 contre
509 3588 583 3655 verri,
609 3586 632 3641 si
654 3583 747 3661 pluras
768 3601 806 3639 ex
821 3580 922 3641 eodem
935 3580 1038 3641 tomulo

107 3671 229 3737 sumant,
252 3664 296 3723 vel
310 3666 394 3725 etiam
406 3686 479 3724 unus
493 3664 594 3744 pluries
608 3663 719 3723 diversis
734 3661 916 3743 temporibus.

255 3916 335 3954 A
