2130 3990
118 136 186 239 liti¹
462 123 670 215 ''irrscrarus
732 230 736 241 ι

114 334 197 385 mm.-
211 323 279 377 tunc
295 314 510 387 ,Sacramentum
534 312 714 387 Eucharisliae
734 333 792 374 nnn
812 315 952 384 reviviscit,
974 319 1033 377 cin
1058 356 1061 379 r

114 397 302 457 rcuvncemia
321 404 472 475 supponat*
488 395 712 457 summanum
739 404 804 455 actu
824 397 982 465 immites,-
1008 406 1061 461 aar

115 479 157 538 dis
187 479 323 551 ¹sitisuem
332 477 518 556 necessariam
529 485 628 556 postea
640 482 749 536 tanturn
762 478 948 556 supervenire.
1035 524 1038 529 .
1057 494 1061 551 i

189 556 245 618 111.
261 559 307 618 De
320 556 505 617 muisiscsntia
516 557 691 617 Sacramenti
705 557 880 618 Poenitentia
894 559 985 617 minut
994 566 1036 621 art·
1056 600 1061 613 ,

114 636 290 722 apparentia:
312 646 373 698 turn
397 638 435 697 ob
454 641 571 699 ratenus
588 640 683 699 statim
696 637 732 697 dc
753 638 929 698 Eucharistiu
941 636 1030 711 datam
1058 678 1061 683 -

114 733 176 781 tum
186 723 252 801 quia
260 718 461 781 verisimillimis
466 718 678 780 Sacramentum
688 719 865 779 Paenitentia
877 738 936 780 non
945 727 1033 799 potest

114 800 309 871 esseinicrme,
330 800 673 871 scutellasierementa
895 826 900 835 ·
1059 844 1061 851 .

155 885 246 955 Quare
256 881 349 963 potiris
356 882 411 943 alie
418 879 940 960 Sacanseupessuntesreietormie,
951 884 1036 961 quim
1058 918 1061 931 ·

114 967 330 1025 Sacramentum
344 961 540 1025 Poenitsntiui
786 1000 788 1005 -
962 1004 966 1013 .
1032 1008 1036 1017 .

154 1045 210 1105 IX.
232 1045 268 1104 R.
293 1045 438 1113 Ratieast,
459 1041 866 1122 quud-dispositiopoenitenue
881 1046 1032 1106 necessaria

114 1126 151 1189 ad
157 1124 290 1189 effectum
296 1125 467 1185 Sacramenti
475 1124 651 1187 Paenitentia
663 1126 703 1185 sit
711 1127 797 1185 etiam
809 1143 873 1205 para
885 1125 1034 1187 mareu
1058 1136 1061 1141 '

115 1211 195 1289 (quia
210 1210 345 1267 contrite
353 1206 525 1268 cst-rnatsriu
539 1206 659 1284 partialis
673 1206 838 1285 proxima);
858 1203 995 1287 adeoque,
1011 1208 1038 1267 ri

114 1290 209 1349 debita
221 1288 291 1349 desit
306 1286 636 1360 penitentis-dispositio,
649 1306 705 1345 non
717 1287 870 1346 subsistunt
883 1284 1036 1347 martelle

113 1371 197 1451 hujus
210 1370 402 1429 Sacrameati:
421 1367 626 1448 implicatam,
645 1373 676 1426 ut
689 1370 904 1429 Sacramentum
915 1366 1034 1428 calisium

112 1455 157 1524 eit,
168 1463 197 1512 et
207 1450 292 1511 simul
304 1447 523 1509 infructuosum..
545 1446 657 1507 inaliis
668 1453 731 1508 sere
743 1450 932 1509 Sacramentis
943 1447 1037 1529 dispas
1058 1490 1061 1495 -

112 1529 381 1609 sitionecsasariaad
403 1548 499 1591 acrum
515 1526 655 1589 'affectum
673 1530 787 1590 omnini
804 1527 983 1608 distinguitur
1001 1528 1035 1589 ab

113 1611 302 1677 essentialibus
315 1630 421 1673 serum.
478 1642 483 1661 -·
545 1642 548 1647 ·

194 1794 234 1851 u.
252 1793 303 1853 31.
324 1792 384 1853 nu
404 1790 535 1854 causa
555 1773 956 1885 sacuamauroamu.

353 1978 383 2040 S.
409 1978 506 2041 Tium.
522 1986 617 2059 quest.
632 1978 680 2039 64.
694 1985 751 2039 art.
770 1976 796 2038 l.

113 2169 137 2226 l.
163 2162 342 2247 Quirituplea
354 2164 549 2227 samnatica
562 2163 594 2225 ia
608 2159 816 2221 Sacramenta.
843 2161 884 2221 Il.
898 2161 1034 2223 Potestas

421 2240 596 2303 excelientia
612 2241 731 2302 Christi.

152 2432 286 2489 Duuunx
309 2425 465 2485 secundum
491 2424 531 2483 S..
550 2422 656 2485 Thom.
684 2424 815 2502 distingui
843 2427 934 2502 potest
954 2443 1030 2481 causa

111 2509 366 2574 Sacramentorum,
386 2506 493 2567 scilicet
513 2504 606 2585 quoad
630 2503 806 2566 efficientiam
823 2505 979 2564 interiorem
992 2503 1028 2562 el·

110 2594 284 2657 iactuum-et
296 2586 389 2667 quoad
401 2587 601 2649 institutionem
610 2588 864 2647 Sacramentorurn.
893 2585 940 2644 De
952 2586 1028 2664 priori

110 2675 158 2734 hic
206 2673 269 2731 'tun
578 2708 581 2713 n

150 2692 310 2831 Qirgrituplsx
326 2756 369 2809 est
382 2766 463 2807 causa
476 2749 565 2809 activa
578 2747 614 2809 ad
628 2750 805 2809 efficientiam
816 2743 1026 2827 justificationis,-

110 2856 172 2916 quae
186 2834 219 2893 lit
230 2836 258 2892 in
274 2828 483 2892 Sacramcutisi
821 2868 825 2877 -

149 2915 171 2972 I.
196 2916 231 2973 R.
254 2912 398 2990 Distingui
410 2916 500 2991 potest
513 2908 689 2990 quintuplex.

151 3000 190 3052 1²³·
214 2995 308 3053 Causa
321 2993 476 3073 principalis
490 2997 533 3050 est
545 2991 619 3050 selus
633 2991 723 3050 Deus.
1052 3050 1061 3057 ,

148 3078 189 3134 2⁰·
214 3077 307 3135 Causa
320 3073 458 3131 meritoria
471 3081 511 3131 ast
532 3072 631 3131 Passio
646 3071 759 3145 Christi,
779 3070 858 3150 cujus
881 3071 984 3129 merita¹
1000 3071 1026 3128 ia

109 3158 292 3219 Sacrameatis
305 3153 385 3214 nabis
397 3154 575 3231 applicentur.

148 3239 191 3296 3⁰·
214 3238 307 3297 Causa
318 3234 504 3295 ministerialis
513 3240 542 3293 et
549 3231 771 3302 instrumentalis,
791 3233 840 3292 ssd
852 3235 943 3295 mines
956 3232 1028 3311 priu-

108 3318 212 3401 cipalis‚
222 3329 266 3379 est
275 3318 361 3379 homa
370 3317 493 3379 ministcr
502 3313 652 3374 conficiens
660 3320 690 3372 st
702 3312 844 3395 applicans
852 3313 1030 3373 Sacramenta

106 3403 240 3478 subjecta.
996 3434 999 3439 -
1025 3432 1029 3438 ·
1055 3408 1060 3417 '

146 3489 188 3540 40·
211 3480 303 3539 Causa
322 3474 538 3539 instrumentalis
558 3478 687 3557 proxima
707 3483 750 3536 est
761 3477 853 3554 ipsum
866 3472 1061 3533 Saccumum-¹

107 3572 177 3622 turn.
250 3588 253 3593 ·
469 3580 472 3585 ·
812 3596 815 3603 ·

146 3645 185 3701 5⁰·
209 3642 300 3701 Causa
320 3638 503 3701 ministerialis
523 3644 553 3699 st
572 3636 789 3700 instrumentalis
812 3636 972 3718 principalis
991 3646 1049 3696 cst.

107 3725 262 3784 humanitas
286 3720 410 3783 Christi:
434 3721 538 3782 etenim
560 3718 621 3781 hac
642 3728 767 3800 respectu
790 3738 894 3786 corum,
919 3737 981 3795 quae
996 3718 1030 3777 ad

613 3926 694 3970 ,η
