<?xml version="1.0" encoding="UTF-8"?>
<!DOCTYPE html PUBLIC "-//W3C//DTD XHTML 1.0 Transitional//EN"
    "http://www.w3.org/TR/xhtml1/DTD/xhtml1-transitional.dtd">
<html xmlns="http://www.w3.org/1999/xhtml" xml:lang="en" lang="en">
 <head>
  <title>
</title>
<meta http-equiv="Content-Type" content="text/html;charset=utf-8" />
  <meta name='ocr-system' content='tesseract 3.04.00' />
  <meta name='ocr-capabilities' content='ocr_page ocr_carea ocr_par ocr_line ocrx_word'/>
</head>
<body>
  <div class='ocr_page' id='page_1' title='image "./theologiamorali02densgoog_0380.png"; bbox 0 0 2130 3990; ppageno 0'>
   <div class='ocr_carea' id='block_1_1' title="bbox 348 186 989 267">
    <p class='ocr_par' dir='ltr' id='par_1_1' title="bbox 348 186 989 267">
     <span class='ocr_line' id='line_1_1' title="bbox 348 186 989 267; baseline 0.002 -3"><span class='ocrx_word' id='word_1_1' title='bbox 348 221 391 264; x_wconf 82' lang='lat' dir='ltr'><strong>na</strong></span> <span class='ocrx_word' id='word_1_2' title='bbox 410 186 586 265; x_wconf 74' lang='lat' dir='ltr'><strong>sacnrrrcro</strong></span> <span class='ocrx_word' id='word_1_3' title='bbox 607 218 715 267; x_wconf 72' lang='lat' dir='ltr'><strong>arsen.</strong></span> <span class='ocrx_word' id='word_1_4' title='bbox 927 200 989 265; x_wconf 69' lang='lat' dir='ltr'><strong>m</strong></span> 
     </span>
    </p>
   </div>
   <div class='ocr_carea' id='block_1_2' title="bbox 49 363 1001 3609">
    <p class='ocr_par' dir='ltr' id='par_1_2' title="bbox 52 363 990 608">
     <span class='ocr_line' id='line_1_2' title="bbox 52 363 988 447; baseline 0 -22"><span class='ocrx_word' id='word_1_5' title='bbox 52 367 149 427; x_wconf 80' lang='lat' dir='ltr'><strong>estol)</strong></span> <span class='ocrx_word' id='word_1_6' title='bbox 166 363 297 426; x_wconf 79' lang='lat' dir='ltr'><strong>Ecclesia</strong></span> <span class='ocrx_word' id='word_1_7' title='bbox 318 375 352 424; x_wconf 89' lang='lat' dir='ltr'><strong>ut</strong></span> <span class='ocrx_word' id='word_1_8' title='bbox 373 365 410 424; x_wconf 87' lang='lat' dir='ltr'><strong>ab</strong></span> <span class='ocrx_word' id='word_1_9' title='bbox 422 364 557 425; x_wconf 81' lang='lat' dir='ltr'><strong>offerente</strong></span> <span class='ocrx_word' id='word_1_10' title='bbox 574 386 624 446; x_wconf 82' lang='lat' dir='ltr'><strong>per</strong></span> <span class='ocrx_word' id='word_1_11' title='bbox 648 366 809 426; x_wconf 80' lang='lat' dir='ltr'><strong>Minislrum</strong></span> <span class='ocrx_word' id='word_1_12' title='bbox 837 365 988 447; x_wconf 78' lang='lat' dir='ltr'><strong>publicum.</strong></span> 
     </span>
     <span class='ocr_line' id='line_1_3' title="bbox 52 447 990 529; baseline 0.003 -24"><span class='ocrx_word' id='word_1_13' title='bbox 52 450 237 508; x_wconf 79' lang='lat' dir='ltr'><strong>etiamsinon</strong></span> <span class='ocrx_word' id='word_1_14' title='bbox 258 449 295 505; x_wconf 83' lang='lat' dir='ltr'><strong>ait</strong></span> <span class='ocrx_word' id='word_1_15' title='bbox 318 450 348 504; x_wconf 90' lang='lat' dir='ltr'><strong>in</strong></span> <span class='ocrx_word' id='word_1_16' title='bbox 369 455 443 505; x_wconf 76' lang='lat' dir='ltr'><strong>stetu</strong></span> <span class='ocrx_word' id='word_1_17' title='bbox 465 451 584 523; x_wconf 77' lang='lat' dir='ltr'><strong>gratie:</strong></span> <span class='ocrx_word' id='word_1_18' title='bbox 604 451 677 508; x_wconf 91' lang='lat' dir='ltr'><strong>ratio</strong></span> <span class='ocrx_word' id='word_1_19' title='bbox 690 458 740 518; x_wconf 81' lang='lat' dir='ltr'><strong>eat,</strong></span> <span class='ocrx_word' id='word_1_20' title='bbox 762 451 830 529; x_wconf 82' lang='lat' dir='ltr'><strong>quia</strong></span> <span class='ocrx_word' id='word_1_21' title='bbox 856 447 990 508; x_wconf 72' lang='lat' dir='ltr'><strong>Eoelmie</strong></span> 
     </span>
     <span class='ocr_line' id='line_1_4' title="bbox 52 528 712 608; baseline 0.002 -21"><span class='ocrx_word' id='word_1_22' title='bbox 52 546 170 608; x_wconf 74' lang='lat' dir='ltr'><strong>semper</strong></span> <span class='ocrx_word' id='word_1_23' title='bbox 182 539 228 588; x_wconf 83' lang='lat' dir='ltr'><strong>est</strong></span> <span class='ocrx_word' id='word_1_24' title='bbox 239 528 353 596; x_wconf 87' lang='lat' dir='ltr'><strong>Sancta,</strong></span> <span class='ocrx_word' id='word_1_25' title='bbox 374 547 408 584; x_wconf 91' lang='lat' dir='ltr'><strong>ac</strong></span> <span class='ocrx_word' id='word_1_26' title='bbox 420 528 535 606; x_wconf 78' lang='lat' dir='ltr'>proinde</span> <span class='ocrx_word' id='word_1_27' title='bbox 547 542 625 606; x_wconf 76' lang='lat' dir='ltr'><strong>grata</strong></span> <span class='ocrx_word' id='word_1_28' title='bbox 641 531 712 588; x_wconf 88' lang='lat' dir='ltr'><strong>Deo.</strong></span> 
     </span>
    </p>

    <p class='ocr_par' dir='ltr' id='par_1_3' title="bbox 95 607 953 669">
     <span class='ocr_line' id='line_1_5' title="bbox 95 607 953 669; baseline -0.005 0"><span class='ocrx_word' id='word_1_29' title='bbox 95 611 233 669; x_wconf 84' lang='lat' dir='ltr'><strong>Habetne</strong></span> <span class='ocrx_word' id='word_1_30' title='bbox 244 607 419 667; x_wconf 87' lang='lat' dir='ltr'><strong>Sacrificium</strong></span> <span class='ocrx_word' id='word_1_31' title='bbox 433 609 531 669; x_wconf 77' lang='lat' dir='ltr'><strong>Missae</strong></span> <span class='ocrx_word' id='word_1_32' title='bbox 539 608 656 669; x_wconf 83' lang='lat' dir='ltr'><strong>effectus</strong></span> <span class='ocrx_word' id='word_1_33' title='bbox 668 629 735 668; x_wconf 87' lang='lat' dir='ltr'><strong>snos</strong></span> <span class='ocrx_word' id='word_1_34' title='bbox 747 607 928 669; x_wconf 76' lang='lat' dir='ltr'><strong>infallibiliter</strong></span> <span class='ocrx_word' id='word_1_35' title='bbox 941 608 953 665; x_wconf 78' lang='lat' dir='ltr'><strong>l</strong></span> 
     </span>
    </p>

    <p class='ocr_par' dir='ltr' id='par_1_4' title="bbox 49 687 995 1905">
     <span class='ocr_line' id='line_1_6' title="bbox 96 687 989 769; baseline 0.001 -18"><span class='ocrx_word' id='word_1_36' title='bbox 96 690 159 751; x_wconf 91' lang='lat' dir='ltr'><strong>VI.</strong></span> <span class='ocrx_word' id='word_1_37' title='bbox 182 691 221 750; x_wconf 87' lang='lat' dir='ltr'><strong>R.</strong></span> <span class='ocrx_word' id='word_1_38' title='bbox 237 687 426 748; x_wconf 72' lang='lat' dir='ltr'><strong>infallibiliter</strong></span> <span class='ocrx_word' id='word_1_39' title='bbox 435 689 522 749; x_wconf 87' lang='lat' dir='ltr'><strong>habet</strong></span> <span class='ocrx_word' id='word_1_40' title='bbox 533 689 676 764; x_wconf 83' lang='lat' dir='ltr'><strong>effectum,</strong></span> <span class='ocrx_word' id='word_1_41' title='bbox 696 692 859 769; x_wconf 77' lang='lat' dir='ltr'><strong>inquantum</strong></span> <span class='ocrx_word' id='word_1_42' title='bbox 875 701 920 751; x_wconf 85' lang='lat' dir='ltr'><strong>ast</strong></span> <span class='ocrx_word' id='word_1_43' title='bbox 932 690 989 752; x_wconf 72' lang='lat' dir='ltr'><strong>Ia·</strong></span> 
     </span>
     <span class='ocr_line' id='line_1_7' title="bbox 51 769 990 852; baseline 0.002 -21"><span class='ocrx_word' id='word_1_44' title='bbox 51 775 200 833; x_wconf 82' lang='lat' dir='ltr'><strong>ttenticum</strong></span> <span class='ocrx_word' id='word_1_45' title='bbox 213 782 244 829; x_wconf 91' lang='lat' dir='ltr'><strong>et</strong></span> <span class='ocrx_word' id='word_1_46' title='bbox 259 769 496 837; x_wconf 76' lang='lat' dir='ltr'><strong>Eucherisncum</strong></span> <span class='ocrx_word' id='word_1_47' title='bbox 519 774 588 852; x_wconf 88' lang='lat' dir='ltr'><strong>quia</strong></span> <span class='ocrx_word' id='word_1_48' title='bbox 599 791 637 830; x_wconf 85' lang='lat' dir='ltr'><strong>ex</strong></span> <span class='ocrx_word' id='word_1_49' title='bbox 650 772 761 830; x_wconf 86' lang='lat' dir='ltr'><strong>actione</strong></span> <span class='ocrx_word' id='word_1_50' title='bbox 774 771 990 833; x_wconf 59' lang='lat' dir='ltr'><strong>sacrificativus</strong></span> 
     </span>
     <span class='ocr_line' id='line_1_8' title="bbox 56 850 988 933; baseline 0.003 -22"><span class='ocrx_word' id='word_1_51' title='bbox 56 850 170 913; x_wconf 83' lang='lat' dir='ltr'><strong>Christo</strong></span> <span class='ocrx_word' id='word_1_52' title='bbox 183 854 313 913; x_wconf 84' lang='lat' dir='ltr'><strong>instituta</strong></span> <span class='ocrx_word' id='word_1_53' title='bbox 325 853 382 910; x_wconf 90' lang='lat' dir='ltr'><strong>Dei</strong></span> <span class='ocrx_word' id='word_1_54' title='bbox 402 851 491 911; x_wconf 88' lang='lat' dir='ltr'><strong>bonor</strong></span> <span class='ocrx_word' id='word_1_55' title='bbox 509 866 540 914; x_wconf 87' lang='lat' dir='ltr'><strong>et</strong></span> <span class='ocrx_word' id='word_1_56' title='bbox 561 854 714 932; x_wconf 71' lang='lat' dir='ltr'><strong>gratiam</strong></span> <span class='ocrx_word' id='word_1_57' title='bbox 727 854 801 912; x_wconf 90' lang='lat' dir='ltr'><strong>actio</strong></span> <span class='ocrx_word' id='word_1_58' title='bbox 824 853 925 933; x_wconf 74' lang='lat' dir='ltr'><strong>sponte</strong></span> <span class='ocrx_word' id='word_1_59' title='bbox 944 874 988 914; x_wconf 83' lang='lat' dir='ltr'><strong>aa·</strong></span> 
     </span>
     <span class='ocr_line' id='line_1_9' title="bbox 72 944 191 993; baseline -0.008 0"><span class='ocrx_word' id='word_1_60' title='bbox 72 944 191 993; x_wconf 84' lang='lat' dir='ltr'><strong>nnntur.</strong></span> 
     </span>
     <span class='ocr_line' id='line_1_10' title="bbox 55 952 988 1094; baseline 0.003 -21"><span class='ocrx_word' id='word_1_61' title='bbox 55 952 144 1076; x_wconf 57' lang='grc' dir='ltr'><strong>Ἰ2οτ</strong></span> <span class='ocrx_word' id='word_1_62' title='bbox 164 1013 351 1074; x_wconf 78' lang='lat' dir='ltr'><strong>infallibiliter</strong></span> <span class='ocrx_word' id='word_1_63' title='bbox 361 1010 451 1072; x_wconf 87' lang='lat' dir='ltr'><strong>babet</strong></span> <span class='ocrx_word' id='word_1_64' title='bbox 463 1010 596 1073; x_wconf 84' lang='lat' dir='ltr'><strong>effectum</strong></span> <span class='ocrx_word' id='word_1_65' title='bbox 609 1013 822 1073; x_wconf 74' lang='lat' dir='ltr'><strong>satisfactorium</strong></span> <span class='ocrx_word' id='word_1_66' title='bbox 844 1015 872 1073; x_wconf 91' lang='lat' dir='ltr'><strong>in</strong></span> <span class='ocrx_word' id='word_1_67' title='bbox 892 1015 988 1094; x_wconf 80' lang='lat' dir='ltr'><strong>justis,</strong></span> 
     </span>
     <span class='ocr_line' id='line_1_11' title="bbox 55 1094 993 1174; baseline 0.003 -20"><span class='ocrx_word' id='word_1_68' title='bbox 55 1096 111 1154; x_wconf 81' lang='lat' dir='ltr'><strong>sire</strong></span> <span class='ocrx_word' id='word_1_69' title='bbox 127 1098 204 1167; x_wconf 78' lang='lat' dir='ltr'><strong>vivis,</strong></span> <span class='ocrx_word' id='word_1_70' title='bbox 223 1097 280 1154; x_wconf 82' lang='lat' dir='ltr'><strong>sire</strong></span> <span class='ocrx_word' id='word_1_71' title='bbox 292 1094 430 1153; x_wconf 79' lang='lat' dir='ltr'><strong>defunctis</strong></span> <span class='ocrx_word' id='word_1_72' title='bbox 452 1095 583 1154; x_wconf 78' lang='lat' dir='ltr'><strong>obnoxiis</strong></span> <span class='ocrx_word' id='word_1_73' title='bbox 607 1095 701 1154; x_wconf 86' lang='lat' dir='ltr'><strong>debito</strong></span> <span class='ocrx_word' id='word_1_74' title='bbox 716 1115 808 1174; x_wconf 79' lang='lat' dir='ltr'><strong>poenae</strong></span> <span class='ocrx_word' id='word_1_75' title='bbox 821 1096 993 1174; x_wconf 78' lang='lat' dir='ltr'><strong>temporalis,</strong></span> 
     </span>
     <span class='ocr_line' id='line_1_12' title="bbox 52 1174 989 1258; baseline 0.003 -23"><span class='ocrx_word' id='word_1_76' title='bbox 52 1196 118 1257; x_wconf 58' lang='lat' dir='ltr'><strong>quar</strong></span> <span class='ocrx_word' id='word_1_77' title='bbox 136 1179 251 1237; x_wconf 71' lang='lat' dir='ltr'><strong>remissa</strong></span> <span class='ocrx_word' id='word_1_78' title='bbox 258 1177 319 1254; x_wconf 88' lang='lat' dir='ltr'><strong>jam</strong></span> <span class='ocrx_word' id='word_1_79' title='bbox 338 1174 423 1252; x_wconf 77' lang='lat' dir='ltr'><strong>culpa</strong></span> <span class='ocrx_word' id='word_1_80' title='bbox 435 1183 530 1233; x_wconf 86' lang='lat' dir='ltr'><strong>restat.</strong></span> <span class='ocrx_word' id='word_1_81' title='bbox 571 1176 638 1236; x_wconf 91' lang='lat' dir='ltr'><strong>Non</strong></span> <span class='ocrx_word' id='word_1_82' title='bbox 653 1179 745 1236; x_wconf 90' lang='lat' dir='ltr'><strong>omnis</strong></span> <span class='ocrx_word' id='word_1_83' title='bbox 755 1186 848 1235; x_wconf 78' lang='lat' dir='ltr'><strong>tamur</strong></span> <span class='ocrx_word' id='word_1_84' title='bbox 863 1178 945 1258; x_wconf 86' lang='lat' dir='ltr'><strong>culpa</strong></span> <span class='ocrx_word' id='word_1_85' title='bbox 959 1180 989 1238; x_wconf 89' lang='lat' dir='ltr'><strong>in</strong></span> 
     </span>
     <span class='ocr_line' id='line_1_13' title="bbox 50 1255 989 1338; baseline -0.002 -19"><span class='ocrx_word' id='word_1_86' title='bbox 50 1277 172 1336; x_wconf 88' lang='lat' dir='ltr'><strong>unoquo</strong></span> <span class='ocrx_word' id='word_1_87' title='bbox 192 1278 227 1317; x_wconf 90' lang='lat' dir='ltr'><strong>ne</strong></span> <span class='ocrx_word' id='word_1_88' title='bbox 253 1255 397 1316; x_wconf 85' lang='lat' dir='ltr'><strong>Sacrificio</strong></span> <span class='ocrx_word' id='word_1_89' title='bbox 421 1257 575 1325; x_wconf 76' lang='lat' dir='ltr'><strong>remittitur,</strong></span> <span class='ocrx_word' id='word_1_90' title='bbox 602 1257 722 1333; x_wconf 85' lang='lat' dir='ltr'><strong>alioquin</strong></span> <span class='ocrx_word' id='word_1_91' title='bbox 760 1276 898 1337; x_wconf 76' lang='lat' dir='ltr'><strong>perperam</strong></span> <span class='ocrx_word' id='word_1_92' title='bbox 936 1279 989 1338; x_wconf 90' lang='lat' dir='ltr'><strong>pro</strong></span> 
     </span>
     <span class='ocr_line' id='line_1_14' title="bbox 49 1279 990 1419; baseline 0.002 -21"><span class='ocrx_word' id='word_1_93' title='bbox 49 1338 161 1398; x_wconf 88' lang='lat' dir='ltr'><strong>eodem</strong></span> <span class='ocrx_word' id='word_1_94' title='bbox 173 1279 307 1398; x_wconf 73' lang='lat' dir='ltr'><strong>defuncto</strong></span> <span class='ocrx_word' id='word_1_95' title='bbox 319 1337 422 1417; x_wconf 85' lang='lat' dir='ltr'><strong>pluries</strong></span> <span class='ocrx_word' id='word_1_96' title='bbox 446 1335 577 1396; x_wconf 83' lang='lat' dir='ltr'><strong>offeretur</strong></span> <span class='ocrx_word' id='word_1_97' title='bbox 604 1337 791 1397; x_wconf 81' lang='lat' dir='ltr'><strong>Sacrificium:</strong></span> <span class='ocrx_word' id='word_1_98' title='bbox 820 1352 990 1419; x_wconf 82' lang='lat' dir='ltr'><strong>quapropter</strong></span> 
     </span>
     <span class='ocr_line' id='line_1_15' title="bbox 49 1415 991 1501; baseline 0.004 -24"><span class='ocrx_word' id='word_1_99' title='bbox 49 1420 71 1478; x_wconf 85' lang='lat' dir='ltr'><strong>ri</strong></span> <span class='ocrx_word' id='word_1_100' title='bbox 85 1423 131 1479; x_wconf 87' lang='lat' dir='ltr'><strong>ait</strong></span> <span class='ocrx_word' id='word_1_101' title='bbox 153 1419 191 1478; x_wconf 88' lang='lat' dir='ltr'><strong>de</strong></span> <span class='ocrx_word' id='word_1_102' title='bbox 204 1421 270 1478; x_wconf 81' lang='lat' dir='ltr'><strong>viris</strong></span> <span class='ocrx_word' id='word_1_103' title='bbox 294 1436 396 1489; x_wconf 88' lang='lat' dir='ltr'><strong>sermo,</strong></span> <span class='ocrx_word' id='word_1_104' title='bbox 416 1415 549 1476; x_wconf 81' lang='lat' dir='ltr'><strong>credibile</strong></span> <span class='ocrx_word' id='word_1_105' title='bbox 571 1427 623 1486; x_wconf 79' lang='lat' dir='ltr'><strong>eu,</strong></span> <span class='ocrx_word' id='word_1_106' title='bbox 645 1419 745 1497; x_wconf 87' lang='lat' dir='ltr'><strong>plusei</strong></span> <span class='ocrx_word' id='word_1_107' title='bbox 771 1419 873 1478; x_wconf 88' lang='lat' dir='ltr'><strong>remitti</strong></span> <span class='ocrx_word' id='word_1_108' title='bbox 899 1440 991 1501; x_wconf 73' lang='lat' dir='ltr'><strong>poenae</strong></span> 
     </span>
     <span class='ocr_line' id='line_1_16' title="bbox 49 1497 989 1580; baseline 0.001 -19"><span class='ocrx_word' id='word_1_109' title='bbox 49 1501 229 1580; x_wconf 79' lang='lat' dir='ltr'><strong>temporalis,</strong></span> <span class='ocrx_word' id='word_1_110' title='bbox 251 1502 300 1580; x_wconf 88' lang='lat' dir='ltr'><strong>qui</strong></span> <span class='ocrx_word' id='word_1_111' title='bbox 313 1499 411 1558; x_wconf 82' lang='lat' dir='ltr'><strong>melius</strong></span> <span class='ocrx_word' id='word_1_112' title='bbox 424 1506 467 1556; x_wconf 84' lang='lat' dir='ltr'><strong>est</strong></span> <span class='ocrx_word' id='word_1_113' title='bbox 479 1497 639 1576; x_wconf 79' lang='lat' dir='ltr'><strong>dispositus,</strong></span> <span class='ocrx_word' id='word_1_114' title='bbox 649 1501 736 1578; x_wconf 74' lang='lat' dir='ltr'><strong>quam</strong></span> <span class='ocrx_word' id='word_1_115' title='bbox 743 1501 834 1557; x_wconf 79' lang='lat' dir='ltr'><strong>minus</strong></span> <span class='ocrx_word' id='word_1_116' title='bbox 846 1500 989 1580; x_wconf 82' lang='lat' dir='ltr'><strong>disp’osito.</strong></span> 
     </span>
     <span class='ocr_line' id='line_1_17' title="bbox 49 1579 992 1658; baseline 0.002 -17"><span class='ocrx_word' id='word_1_117' title='bbox 49 1583 133 1641; x_wconf 72' lang='lat' dir='ltr'><strong>deut</strong></span> <span class='ocrx_word' id='word_1_118' title='bbox 146 1584 331 1641; x_wconf 82' lang='lat' dir='ltr'><strong>Sacramenta</strong></span> <span class='ocrx_word' id='word_1_119' title='bbox 344 1579 406 1658; x_wconf 86' lang='lat' dir='ltr'><strong>plus</strong></span> <span class='ocrx_word' id='word_1_120' title='bbox 429 1582 526 1656; x_wconf 77' lang='lat' dir='ltr'><strong>grana</strong></span> <span class='ocrx_word' id='word_1_121' title='bbox 541 1581 685 1640; x_wconf 81' lang='lat' dir='ltr'><strong>conferant</strong></span> <span class='ocrx_word' id='word_1_122' title='bbox 709 1579 808 1640; x_wconf 82' lang='lat' dir='ltr'><strong>melius</strong></span> <span class='ocrx_word' id='word_1_123' title='bbox 831 1579 992 1658; x_wconf 73' lang='lat' dir='ltr'><strong>dispositio:</strong></span> 
     </span>
     <span class='ocr_line' id='line_1_18' title="bbox 49 1654 990 1743; baseline 0.002 -22"><span class='ocrx_word' id='word_1_124' title='bbox 49 1663 152 1743; x_wconf 85' lang='lat' dir='ltr'><strong>quoad</strong></span> <span class='ocrx_word' id='word_1_125' title='bbox 166 1661 311 1722; x_wconf 84' lang='lat' dir='ltr'><strong>defunctos</strong></span> <span class='ocrx_word' id='word_1_126' title='bbox 323 1664 398 1732; x_wconf 79' lang='lat' dir='ltr'><strong>vero,</strong></span> <span class='ocrx_word' id='word_1_127' title='bbox 419 1659 563 1738; x_wconf 83' lang='lat' dir='ltr'><strong>probabile</strong></span> <span class='ocrx_word' id='word_1_128' title='bbox 576 1654 628 1734; x_wconf 72' lang='lat' dir='ltr'><strong>eit,</strong></span> <span class='ocrx_word' id='word_1_129' title='bbox 652 1661 801 1720; x_wconf 85' lang='lat' dir='ltr'><strong>Deum&#39;vel</strong></span> <span class='ocrx_word' id='word_1_130' title='bbox 824 1660 926 1721; x_wconf 83' lang='lat' dir='ltr'><strong>babere</strong></span> <span class='ocrx_word' id='word_1_131' title='bbox 943 1682 990 1723; x_wconf 90' lang='lat' dir='ltr'><strong>ra·</strong></span> 
     </span>
     <span class='ocr_line' id='line_1_19' title="bbox 49 1739 995 1822; baseline 0 -19"><span class='ocrx_word' id='word_1_132' title='bbox 49 1749 167 1803; x_wconf 86' lang='lat' dir='ltr'><strong>tionem</strong></span> <span class='ocrx_word' id='word_1_133' title='bbox 193 1743 294 1822; x_wconf 76' lang='lat' dir='ltr'><strong>graduis</strong></span> <span class='ocrx_word' id='word_1_134' title='bbox 321 1743 375 1822; x_wconf 79' lang='lat' dir='ltr'><strong>pia</strong></span> <span class='ocrx_word' id='word_1_135' title='bbox 402 1739 595 1820; x_wconf 82' lang='lat' dir='ltr'><strong>dispositionis,</strong></span> <span class='ocrx_word' id='word_1_136' title='bbox 618 1747 645 1801; x_wconf 91' lang='lat' dir='ltr'><strong>in</strong></span> <span class='ocrx_word' id='word_1_137' title='bbox 665 1763 721 1821; x_wconf 89' lang='lat' dir='ltr'><strong>qna</strong></span> <span class='ocrx_word' id='word_1_138' title='bbox 744 1741 927 1812; x_wconf 83' lang='lat' dir='ltr'><strong>decesserunt,</strong></span> <span class='ocrx_word' id='word_1_139' title='bbox 948 1743 995 1803; x_wconf 82' lang='lat' dir='ltr'><strong>rel</strong></span> 
     </span>
     <span class='ocr_line' id='line_1_20' title="bbox 50 1822 971 1905; baseline -0.002 -21"><span class='ocrx_word' id='word_1_140' title='bbox 50 1846 164 1905; x_wconf 73' lang='lat' dir='ltr'><strong>poenas</strong></span> <span class='ocrx_word' id='word_1_141' title='bbox 178 1826 324 1894; x_wconf 85' lang='lat' dir='ltr'><strong>moderari,</strong></span> <span class='ocrx_word' id='word_1_142' title='bbox 346 1823 504 1881; x_wconf 89' lang='lat' dir='ltr'><strong>secundum</strong></span> <span class='ocrx_word' id='word_1_143' title='bbox 524 1822 634 1883; x_wconf 89' lang='lat' dir='ltr'><strong>occulta</strong></span> <span class='ocrx_word' id='word_1_144' title='bbox 650 1823 767 1902; x_wconf 80' lang='lat' dir='ltr'><strong>justitia</strong></span> <span class='ocrx_word' id='word_1_145' title='bbox 780 1843 836 1882; x_wconf 84' lang='lat' dir='ltr'><strong>sure</strong></span> <span class='ocrx_word' id='word_1_146' title='bbox 855 1823 971 1902; x_wconf 89' lang='lat' dir='ltr'><strong>judicia.</strong></span> 
     </span>
    </p>

    <p class='ocr_par' dir='ltr' id='par_1_5' title="bbox 53 1902 997 2634">
     <span class='ocr_line' id='line_1_21' title="bbox 98 1902 992 1983; baseline -0.002 -16"><span class='ocrx_word' id='word_1_147' title='bbox 98 1906 175 1967; x_wconf 87' lang='lat' dir='ltr'><strong>Vll.</strong></span> <span class='ocrx_word' id='word_1_148' title='bbox 198 1905 275 1964; x_wconf 91' lang='lat' dir='ltr'><strong>Hinc</strong></span> <span class='ocrx_word' id='word_1_149' title='bbox 289 1925 345 1964; x_wconf 92' lang='lat' dir='ltr'><strong>nnn</strong></span> <span class='ocrx_word' id='word_1_150' title='bbox 359 1902 470 1969; x_wconf 78' lang='lat' dir='ltr'><strong>inferes,</strong></span> <span class='ocrx_word' id='word_1_151' title='bbox 485 1905 558 1978; x_wconf 87' lang='lat' dir='ltr'><strong>qudd</strong></span> <span class='ocrx_word' id='word_1_152' title='bbox 572 1905 660 1974; x_wconf 84' lang='lat' dir='ltr'><strong>diviti,</strong></span> <span class='ocrx_word' id='word_1_153' title='bbox 671 1925 719 1982; x_wconf 91' lang='lat' dir='ltr'><strong>pro</strong></span> <span class='ocrx_word' id='word_1_154' title='bbox 733 1924 789 1983; x_wconf 91' lang='lat' dir='ltr'><strong>quo</strong></span> <span class='ocrx_word' id='word_1_155' title='bbox 799 1904 889 1964; x_wconf 86' lang='lat' dir='ltr'><strong>multa</strong></span> <span class='ocrx_word' id='word_1_156' title='bbox 899 1906 992 1965; x_wconf 86' lang='lat' dir='ltr'><strong>Sacri·</strong></span> 
     </span>
     <span class='ocr_line' id='line_1_22' title="bbox 53 1983 996 2065; baseline -0.003 -16"><span class='ocrx_word' id='word_1_157' title='bbox 53 1989 127 2050; x_wconf 80' lang='lat' dir='ltr'><strong>ficia</strong></span> <span class='ocrx_word' id='word_1_158' title='bbox 141 1987 302 2054; x_wconf 68' lang='lat' dir='ltr'><strong>offemntun</strong></span> <span class='ocrx_word' id='word_1_159' title='bbox 324 1984 423 2044; x_wconf 79' lang='lat' dir='ltr'><strong>melius</strong></span> <span class='ocrx_word' id='word_1_160' title='bbox 436 1983 559 2042; x_wconf 80' lang='lat' dir='ltr'><strong>intunrm</strong></span> <span class='ocrx_word' id='word_1_161' title='bbox 581 1989 626 2058; x_wconf 85' lang='lat' dir='ltr'><strong>sit,</strong></span> <span class='ocrx_word' id='word_1_162' title='bbox 648 1987 731 2064; x_wconf 72' lang='lat' dir='ltr'><strong>quarn</strong></span> <span class='ocrx_word' id='word_1_163' title='bbox 748 1988 862 2065; x_wconf 89' lang='lat' dir='ltr'><strong>pauperi</strong></span> <span class='ocrx_word' id='word_1_164' title='bbox 871 1987 996 2065; x_wconf 74' lang='lat' dir='ltr'><strong>justiori,</strong></span> 
     </span>
     <span class='ocr_line' id='line_1_23' title="bbox 56 2066 993 2150; baseline -0.001 -22"><span class='ocrx_word' id='word_1_165' title='bbox 56 2090 113 2150; x_wconf 84' lang='lat' dir='ltr'><strong>pro</strong></span> <span class='ocrx_word' id='word_1_166' title='bbox 127 2090 182 2148; x_wconf 91' lang='lat' dir='ltr'><strong>quc</strong></span> <span class='ocrx_word' id='word_1_167' title='bbox 193 2071 240 2128; x_wconf 86' lang='lat' dir='ltr'><strong>vix</strong></span> <span class='ocrx_word' id='word_1_168' title='bbox 253 2066 382 2138; x_wconf 79' lang='lat' dir='ltr'><strong>offertur3</strong></span> <span class='ocrx_word' id='word_1_169' title='bbox 406 2067 472 2146; x_wconf 90' lang='lat' dir='ltr'><strong>quia</strong></span> <span class='ocrx_word' id='word_1_170' title='bbox 494 2084 599 2144; x_wconf 82' lang='lat' dir='ltr'><strong>pauper</strong></span> <span class='ocrx_word' id='word_1_171' title='bbox 624 2067 688 2125; x_wconf 89' lang='lat' dir='ltr'><strong>talis</strong></span> <span class='ocrx_word' id='word_1_172' title='bbox 712 2070 754 2126; x_wconf 81' lang='lat' dir='ltr'><strong>vel</strong></span> <span class='ocrx_word' id='word_1_173' title='bbox 781 2068 865 2125; x_wconf 89' lang='lat' dir='ltr'><strong>babet</strong></span> <span class='ocrx_word' id='word_1_174' title='bbox 878 2070 993 2127; x_wconf 79' lang='lat' dir='ltr'><strong>minoris</strong></span> 
     </span>
     <span class='ocr_line' id='line_1_24' title="bbox 57 2148 994 2231; baseline -0.001 -22"><span class='ocrx_word' id='word_1_175' title='bbox 57 2171 155 2231; x_wconf 81' lang='lat' dir='ltr'><strong>poenoe</strong></span> <span class='ocrx_word' id='word_1_176' title='bbox 169 2159 286 2218; x_wconf 89' lang='lat' dir='ltr'><strong>reatum,</strong></span> <span class='ocrx_word' id='word_1_177' title='bbox 308 2148 351 2206; x_wconf 91' lang='lat' dir='ltr'><strong>vel</strong></span> <span class='ocrx_word' id='word_1_178' title='bbox 368 2158 501 2227; x_wconf 89' lang='lat' dir='ltr'><strong>tanquam</strong></span> <span class='ocrx_word' id='word_1_179' title='bbox 515 2151 603 2224; x_wconf 82' lang='lat' dir='ltr'><strong>magis</strong></span> <span class='ocrx_word' id='word_1_180' title='bbox 627 2148 720 2226; x_wconf 86' lang='lat' dir='ltr'><strong>justus</strong></span> <span class='ocrx_word' id='word_1_181' title='bbox 733 2149 796 2226; x_wconf 80' lang='lat' dir='ltr'><strong>plus</strong></span> <span class='ocrx_word' id='word_1_182' title='bbox 819 2151 994 2227; x_wconf 84' lang='lat' dir='ltr'><strong>participarit</strong></span> 
     </span>
     <span class='ocr_line' id='line_1_25' title="bbox 60 2228 997 2308; baseline -0.001 -17"><span class='ocrx_word' id='word_1_183' title='bbox 60 2232 99 2290; x_wconf 90' lang='lat' dir='ltr'><strong>de</strong></span> <span class='ocrx_word' id='word_1_184' title='bbox 109 2231 262 2291; x_wconf 87' lang='lat' dir='ltr'><strong>Sacrifieiis</strong></span> <span class='ocrx_word' id='word_1_185' title='bbox 275 2230 449 2308; x_wconf 84' lang='lat' dir='ltr'><strong>generalibus</strong></span> <span class='ocrx_word' id='word_1_186' title='bbox 462 2247 511 2304; x_wconf 93' lang='lat' dir='ltr'><strong>pro</strong></span> <span class='ocrx_word' id='word_1_187' title='bbox 526 2229 671 2288; x_wconf 79' lang='lat' dir='ltr'><strong>animabus</strong></span> <span class='ocrx_word' id='word_1_188' title='bbox 685 2228 876 2288; x_wconf 83' lang='lat' dir='ltr'><strong>defunctorum</strong></span> <span class='ocrx_word' id='word_1_189' title='bbox 891 2230 997 2290; x_wconf 73' lang='lat' dir='ltr'><strong>oblatis</strong></span> 
     </span>
     <span class='ocr_line' id='line_1_26' title="bbox 61 2310 994 2393; baseline -0.001 -21"><span class='ocrx_word' id='word_1_190' title='bbox 61 2316 150 2393; x_wconf 80' lang='lat' dir='ltr'><strong>anim</strong></span> <span class='ocrx_word' id='word_1_191' title='bbox 164 2315 254 2370; x_wconf 77' lang='lat' dir='ltr'><strong>minus</strong></span> <span class='ocrx_word' id='word_1_192' title='bbox 264 2312 393 2379; x_wconf 84' lang='lat' dir='ltr'><strong>Sanctus,</strong></span> <span class='ocrx_word' id='word_1_193' title='bbox 403 2314 476 2371; x_wconf 85' lang='lat' dir='ltr'><strong>sient</strong></span> <span class='ocrx_word' id='word_1_194' title='bbox 490 2319 518 2368; x_wconf 88' lang='lat' dir='ltr'><strong>nt</strong></span> <span class='ocrx_word' id='word_1_195' title='bbox 532 2330 569 2368; x_wconf 87' lang='lat' dir='ltr'><strong>ex</strong></span> <span class='ocrx_word' id='word_1_196' title='bbox 585 2310 681 2369; x_wconf 80' lang='lat' dir='ltr'><strong>Missis</strong></span> <span class='ocrx_word' id='word_1_197' title='bbox 692 2312 719 2368; x_wconf 90' lang='lat' dir='ltr'><strong>in</strong></span> <span class='ocrx_word' id='word_1_198' title='bbox 735 2310 880 2369; x_wconf 79' lang='lat' dir='ltr'><strong>Thesauro</strong></span> <span class='ocrx_word' id='word_1_199' title='bbox 893 2311 994 2371; x_wconf 83' lang='lat' dir='ltr'><strong>Eccle-</strong></span> 
     </span>
     <span class='ocr_line' id='line_1_27' title="bbox 61 2392 996 2472; baseline -0.001 -20"><span class='ocrx_word' id='word_1_200' title='bbox 61 2396 111 2452; x_wconf 66' lang='lat' dir='ltr'><strong>sia</strong></span> <span class='ocrx_word' id='word_1_201' title='bbox 138 2395 243 2472; x_wconf 88' lang='lat' dir='ltr'><strong>positis,</strong></span> <span class='ocrx_word' id='word_1_202' title='bbox 283 2411 319 2450; x_wconf 83' lang='lat' dir='ltr'><strong>ex</strong></span> <span class='ocrx_word' id='word_1_203' title='bbox 345 2393 446 2471; x_wconf 85' lang='lat' dir='ltr'><strong>quibus</strong></span> <span class='ocrx_word' id='word_1_204' title='bbox 472 2392 508 2450; x_wconf 92' lang='lat' dir='ltr'><strong>ad</strong></span> <span class='ocrx_word' id='word_1_205' title='bbox 534 2399 622 2450; x_wconf 88' lang='lat' dir='ltr'><strong>ratam</strong></span> <span class='ocrx_word' id='word_1_206' title='bbox 649 2393 802 2450; x_wconf 81' lang='lat' dir='ltr'><strong>sanctitatis</strong></span> <span class='ocrx_word' id='word_1_207' title='bbox 829 2393 996 2471; x_wconf 87' lang='lat' dir='ltr'><strong>participant</strong></span> 
     </span>
     <span class='ocr_line' id='line_1_28' title="bbox 62 2473 994 2552; baseline -0.002 -18"><span class='ocrx_word' id='word_1_208' title='bbox 62 2477 165 2534; x_wconf 78' lang='lat' dir='ltr'><strong>anima</strong></span> <span class='ocrx_word' id='word_1_209' title='bbox 179 2493 273 2532; x_wconf 89' lang='lat' dir='ltr'><strong>eornm</strong></span> <span class='ocrx_word' id='word_1_210' title='bbox 288 2475 433 2552; x_wconf 84' lang='lat' dir='ltr'><strong>patientes,</strong></span> <span class='ocrx_word' id='word_1_211' title='bbox 455 2476 512 2550; x_wconf 87' lang='lat' dir='ltr'><strong>qni,</strong></span> <span class='ocrx_word' id='word_1_212' title='bbox 531 2473 622 2552; x_wconf 91' lang='lat' dir='ltr'><strong>inquit</strong></span> <span class='ocrx_word' id='word_1_213' title='bbox 636 2473 667 2530; x_wconf 86' lang='lat' dir='ltr'><strong>S.</strong></span> <span class='ocrx_word' id='word_1_214' title='bbox 687 2473 806 2549; x_wconf 79' lang='lat' dir='ltr'><strong>August.</strong></span> <span class='ocrx_word' id='word_1_215' title='bbox 831 2475 897 2532; x_wconf 77' lang='lat' dir='ltr'><strong>cium</strong></span> <span class='ocrx_word' id='word_1_216' title='bbox 920 2476 994 2533; x_wconf 81' lang='lat' dir='ltr'><strong>rive·</strong></span> 
     </span>
     <span class='ocr_line' id='line_1_29' title="bbox 63 2553 914 2634; baseline -0.006 -17"><span class='ocrx_word' id='word_1_217' title='bbox 63 2560 134 2627; x_wconf 86' lang='lat' dir='ltr'><strong>rent,</strong></span> <span class='ocrx_word' id='word_1_218' title='bbox 156 2565 190 2614; x_wconf 90' lang='lat' dir='ltr'><strong>ut</strong></span> <span class='ocrx_word' id='word_1_219' title='bbox 204 2555 264 2613; x_wconf 80' lang='lat' dir='ltr'><strong>bac</strong></span> <span class='ocrx_word' id='word_1_220' title='bbox 276 2553 328 2612; x_wconf 88' lang='lat' dir='ltr'><strong>sibi</strong></span> <span class='ocrx_word' id='word_1_221' title='bbox 351 2567 450 2634; x_wconf 86' lang='lat' dir='ltr'><strong>postea</strong></span> <span class='ocrx_word' id='word_1_222' title='bbox 462 2564 576 2634; x_wconf 84' lang='lat' dir='ltr'><strong>possent</strong></span> <span class='ocrx_word' id='word_1_223' title='bbox 588 2554 727 2632; x_wconf 85' lang='lat' dir='ltr'><strong>prodesse,</strong></span> <span class='ocrx_word' id='word_1_224' title='bbox 748 2566 914 2627; x_wconf 83' lang='lat' dir='ltr'><strong>mernerunt,</strong></span> 
     </span>
    </p>

    <p class='ocr_par' dir='ltr' id='par_1_6' title="bbox 64 2635 998 3122">
     <span class='ocr_line' id='line_1_30' title="bbox 104 2635 995 2714; baseline -0.001 -19"><span class='ocrx_word' id='word_1_225' title='bbox 104 2635 192 2697; x_wconf 87' lang='lat' dir='ltr'><strong>thl.</strong></span> <span class='ocrx_word' id='word_1_226' title='bbox 214 2635 257 2693; x_wconf 82' lang='lat'><strong>3⁰·</strong></span> <span class='ocrx_word' id='word_1_227' title='bbox 282 2637 422 2695; x_wconf 85' lang='lat' dir='ltr'><strong>Remissio</strong></span> <span class='ocrx_word' id='word_1_228' title='bbox 435 2641 612 2714; x_wconf 87' lang='lat' dir='ltr'><strong>peccatorum</strong></span> <span class='ocrx_word' id='word_1_229' title='bbox 627 2655 678 2714; x_wconf 88' lang='lat' dir='ltr'><strong>per</strong></span> <span class='ocrx_word' id='word_1_230' title='bbox 692 2635 745 2693; x_wconf 88' lang='lat' dir='ltr'><strong>hoc</strong></span> <span class='ocrx_word' id='word_1_231' title='bbox 755 2636 929 2695; x_wconf 88' lang='lat' dir='ltr'><strong>Sacrificium</strong></span> <span class='ocrx_word' id='word_1_232' title='bbox 940 2657 995 2696; x_wconf 89' lang='lat' dir='ltr'><strong>non</strong></span> 
     </span>
     <span class='ocr_line' id='line_1_31' title="bbox 64 2715 994 2795; baseline -0.005 -16"><span class='ocrx_word' id='word_1_233' title='bbox 64 2718 206 2781; x_wconf 84' lang='lat' dir='ltr'><strong>obtinetur</strong></span> <span class='ocrx_word' id='word_1_234' title='bbox 219 2715 409 2783; x_wconf 82' lang='lat' dir='ltr'><strong>infallibiliter,</strong></span> <span class='ocrx_word' id='word_1_235' title='bbox 431 2725 463 2774; x_wconf 86' lang='lat' dir='ltr'><strong>nt</strong></span> <span class='ocrx_word' id='word_1_236' title='bbox 480 2718 653 2795; x_wconf 70' lang='lat' dir='ltr'><strong>experientia</strong></span> <span class='ocrx_word' id='word_1_237' title='bbox 666 2726 789 2787; x_wconf 87' lang='lat' dir='ltr'><strong>constat;</strong></span> <span class='ocrx_word' id='word_1_238' title='bbox 813 2715 893 2776; x_wconf 88' lang='lat' dir='ltr'><strong>multi</strong></span> <span class='ocrx_word' id='word_1_239' title='bbox 919 2721 994 2776; x_wconf 86' lang='lat' dir='ltr'><strong>eninr</strong></span> 
     </span>
     <span class='ocr_line' id='line_1_32' title="bbox 67 2796 998 2879; baseline -0.002 -21"><span class='ocrx_word' id='word_1_240' title='bbox 67 2801 92 2858; x_wconf 88' lang='lat' dir='ltr'><strong>in</strong></span> <span class='ocrx_word' id='word_1_241' title='bbox 108 2800 232 2879; x_wconf 85' lang='lat' dir='ltr'><strong>peccatis</strong></span> <span class='ocrx_word' id='word_1_242' title='bbox 246 2808 428 2877; x_wconf 77' lang='lat' dir='ltr'><strong>perseverant,</strong></span> <span class='ocrx_word' id='word_1_243' title='bbox 452 2818 499 2876; x_wconf 94' lang='lat' dir='ltr'><strong>pro</strong></span> <span class='ocrx_word' id='word_1_244' title='bbox 512 2798 612 2875; x_wconf 85' lang='lat' dir='ltr'><strong>quibus</strong></span> <span class='ocrx_word' id='word_1_245' title='bbox 625 2798 725 2876; x_wconf 82' lang='lat' dir='ltr'><strong>saepius</strong></span> <span class='ocrx_word' id='word_1_246' title='bbox 737 2796 862 2873; x_wconf 65' lang='lat' dir='ltr'><strong>{offertur</strong></span> <span class='ocrx_word' id='word_1_247' title='bbox 885 2799 998 2857; x_wconf 79' lang='lat' dir='ltr'><strong>Sacrifi-</strong></span> 
     </span>
     <span class='ocr_line' id='line_1_33' title="bbox 67 2877 998 2955; baseline -0.001 -16"><span class='ocrx_word' id='word_1_248' title='bbox 67 2884 142 2939; x_wconf 83' lang='lat' dir='ltr'><strong>n&#39;rrm</strong></span> <span class='ocrx_word' id='word_1_249' title='bbox 168 2879 284 2939; x_wconf 70' lang='lat' dir='ltr'><strong>Missae:</strong></span> <span class='ocrx_word' id='word_1_250' title='bbox 312 2878 520 2937; x_wconf 82' lang='lat' dir='ltr'><strong>dantnrtanren</strong></span> <span class='ocrx_word' id='word_1_251' title='bbox 542 2877 724 2937; x_wconf 82' lang='lat' dir='ltr'><strong>infallibiliter</strong></span> <span class='ocrx_word' id='word_1_252' title='bbox 750 2880 847 2955; x_wconf 86' lang='lat' dir='ltr'><strong>gratiae</strong></span> <span class='ocrx_word' id='word_1_253' title='bbox 871 2880 998 2938; x_wconf 83' lang='lat' dir='ltr'><strong>actuales</strong></span> 
     </span>
     <span class='ocr_line' id='line_1_34' title="bbox 68 2959 997 3030; baseline -0.004 -10"><span class='ocrx_word' id='word_1_254' title='bbox 68 2961 206 3020; x_wconf 82' lang='lat' dir='ltr'><strong>uberiores</strong></span> <span class='ocrx_word' id='word_1_255' title='bbox 221 2959 256 3019; x_wconf 88' lang='lat' dir='ltr'><strong>ad</strong></span> <span class='ocrx_word' id='word_1_256' title='bbox 271 2960 421 3019; x_wconf 87' lang='lat' dir='ltr'><strong>eliciendos</strong></span> <span class='ocrx_word' id='word_1_257' title='bbox 436 2961 605 3018; x_wconf 84' lang='lat' dir='ltr'><strong>contritionis</strong></span> <span class='ocrx_word' id='word_1_258' title='bbox 618 2968 705 3028; x_wconf 87' lang='lat' dir='ltr'><strong>actus,</strong></span> <span class='ocrx_word' id='word_1_259' title='bbox 721 2961 772 3017; x_wconf 84' lang='lat' dir='ltr'><strong>nisi</strong></span> <span class='ocrx_word' id='word_1_260' title='bbox 781 2969 904 3019; x_wconf 87' lang='lat' dir='ltr'><strong>occurrat</strong></span> <span class='ocrx_word' id='word_1_261' title='bbox 912 2960 997 3030; x_wconf 85' lang='lat' dir='ltr'><strong>obex,</strong></span> 
     </span>
     <span class='ocr_line' id='line_1_35' title="bbox 68 3038 721 3122; baseline -0.005 -22"><span class='ocrx_word' id='word_1_262' title='bbox 68 3042 156 3122; x_wconf 82' lang='lat' dir='ltr'><strong>qualis</strong></span> <span class='ocrx_word' id='word_1_263' title='bbox 171 3060 231 3099; x_wconf 80' lang='lat' dir='ltr'><strong>esse</strong></span> <span class='ocrx_word' id='word_1_264' title='bbox 244 3049 336 3119; x_wconf 87' lang='lat' dir='ltr'><strong>potest</strong></span> <span class='ocrx_word' id='word_1_265' title='bbox 345 3040 459 3100; x_wconf 86' lang='lat' dir='ltr'><strong>actualis</strong></span> <span class='ocrx_word' id='word_1_266' title='bbox 473 3043 582 3120; x_wconf 87' lang='lat' dir='ltr'><strong>peccati</strong></span> <span class='ocrx_word' id='word_1_267' title='bbox 595 3038 721 3098; x_wconf 82' lang='lat' dir='ltr'><strong>effectus.</strong></span> 
     </span>
    </p>

    <p class='ocr_par' dir='ltr' id='par_1_7' title="bbox 64 3121 1001 3609">
     <span class='ocr_line' id='line_1_36' title="bbox 106 3121 998 3201; baseline 0.002 -21"><span class='ocrx_word' id='word_1_268' title='bbox 106 3121 285 3182; x_wconf 69' lang='lat' dir='ltr'><strong>censumar</strong></span> <span class='ocrx_word' id='word_1_269' title='bbox 300 3123 567 3201; x_wconf 88' lang='lat' dir='ltr'><strong>propeccatoribus,</strong></span> <span class='ocrx_word' id='word_1_270' title='bbox 587 3123 642 3200; x_wconf 82' lang='lat' dir='ltr'><strong>qni,</strong></span> <span class='ocrx_word' id='word_1_271' title='bbox 660 3132 691 3179; x_wconf 92' lang='lat' dir='ltr'><strong>ut</strong></span> <span class='ocrx_word' id='word_1_272' title='bbox 703 3122 825 3200; x_wconf 88' lang='lat' dir='ltr'><strong>loquitur</strong></span> <span class='ocrx_word' id='word_1_273' title='bbox 843 3121 906 3181; x_wconf 82' lang='lat' dir='ltr'><strong>Tri.</strong></span> <span class='ocrx_word' id='word_1_274' title='bbox 933 3143 998 3182; x_wconf 77' lang='lat' dir='ltr'><strong>seeo.</strong></span> 
     </span>
     <span class='ocr_line' id='line_1_37' title="bbox 66 3201 999 3282; baseline -0.001 -19"><span class='ocrx_word' id='word_1_275' title='bbox 66 3203 115 3263; x_wconf 75' lang='lat'><strong>22.</strong></span> <span class='ocrx_word' id='word_1_276' title='bbox 132 3223 195 3282; x_wconf 88' lang='lat' dir='ltr'><strong>cap.</strong></span> <span class='ocrx_word' id='word_1_277' title='bbox 210 3205 239 3262; x_wconf 83' lang='lat'><strong>2.</strong></span> <span class='ocrx_word' id='word_1_278' title='bbox 254 3222 318 3261; x_wconf 91' lang='lat' dir='ltr'><strong>cum</strong></span> <span class='ocrx_word' id='word_1_279' title='bbox 328 3223 390 3263; x_wconf 87' lang='lat' dir='ltr'><strong>voro</strong></span> <span class='ocrx_word' id='word_1_280' title='bbox 404 3203 486 3262; x_wconf 88' lang='lat' dir='ltr'><strong>eorde</strong></span> <span class='ocrx_word' id='word_1_281' title='bbox 505 3212 533 3262; x_wconf 85' lang='lat' dir='ltr'><strong>et</strong></span> <span class='ocrx_word' id='word_1_282' title='bbox 545 3217 624 3262; x_wconf 87' lang='lat' dir='ltr'><strong>recta</strong></span> <span class='ocrx_word' id='word_1_283' title='bbox 636 3201 701 3272; x_wconf 81' lang='lat' dir='ltr'><strong>lide,</strong></span> <span class='ocrx_word' id='word_1_284' title='bbox 724 3224 787 3262; x_wconf 88' lang='lat' dir='ltr'><strong>cum</strong></span> <span class='ocrx_word' id='word_1_285' title='bbox 801 3212 878 3261; x_wconf 86' lang='lat' dir='ltr'><strong>metu</strong></span> <span class='ocrx_word' id='word_1_286' title='bbox 908 3213 937 3260; x_wconf 88' lang='lat' dir='ltr'><strong>et</strong></span> <span class='ocrx_word' id='word_1_287' title='bbox 958 3224 999 3262; x_wconf 90' lang='lat' dir='ltr'><strong>re·</strong></span> 
     </span>
     <span class='ocr_line' id='line_1_38' title="bbox 66 3283 1000 3363; baseline 0 -19"><span class='ocrx_word' id='word_1_288' title='bbox 66 3287 211 3355; x_wconf 89' lang='lat' dir='ltr'><strong>rerentia;</strong></span> <span class='ocrx_word' id='word_1_289' title='bbox 234 3286 343 3343; x_wconf 90' lang='lat' dir='ltr'><strong>contriti</strong></span> <span class='ocrx_word' id='word_1_290' title='bbox 357 3304 391 3342; x_wconf 87' lang='lat' dir='ltr'><strong>ac</strong></span> <span class='ocrx_word' id='word_1_291' title='bbox 405 3286 572 3363; x_wconf 71' lang='lat' dir='ltr'><strong>penitentes</strong></span> <span class='ocrx_word' id='word_1_292' title='bbox 585 3283 620 3342; x_wconf 88' lang='lat' dir='ltr'><strong>ed</strong></span> <span class='ocrx_word' id='word_1_293' title='bbox 639 3286 731 3343; x_wconf 88' lang='lat' dir='ltr'><strong>Deum</strong></span> <span class='ocrx_word' id='word_1_294' title='bbox 748 3286 891 3354; x_wconf 88' lang='lat' dir='ltr'><strong>accedunt,</strong></span> <span class='ocrx_word' id='word_1_295' title='bbox 908 3284 1000 3344; x_wconf 85' lang='lat' dir='ltr'><strong>Sacri·</strong></span> 
     </span>
     <span class='ocr_line' id='line_1_39' title="bbox 64 3365 999 3446; baseline -0.003 -20"><span class='ocrx_word' id='word_1_296' title='bbox 64 3365 164 3426; x_wconf 79' lang='lat' dir='ltr'><strong>ficium</strong></span> <span class='ocrx_word' id='word_1_297' title='bbox 179 3365 301 3433; x_wconf 85' lang='lat' dir='ltr'><strong>offertur,</strong></span> <span class='ocrx_word' id='word_1_298' title='bbox 330 3386 376 3446; x_wconf 89' lang='lat' dir='ltr'><strong>per</strong></span> <span class='ocrx_word' id='word_1_299' title='bbox 399 3368 488 3445; x_wconf 85' lang='lat' dir='ltr'><strong>ipsum</strong></span> <span class='ocrx_word' id='word_1_300' title='bbox 504 3365 685 3426; x_wconf 87' lang='lat' dir='ltr'><strong>infallibiliter</strong></span> <span class='ocrx_word' id='word_1_301' title='bbox 706 3366 764 3436; x_wconf 77' lang='lat' dir='ltr'><strong>fiet,</strong></span> <span class='ocrx_word' id='word_1_302' title='bbox 784 3377 817 3425; x_wconf 91' lang='lat' dir='ltr'><strong>ut</strong></span> <span class='ocrx_word' id='word_1_303' title='bbox 833 3365 999 3426; x_wconf 85' lang='lat' dir='ltr'><strong>Sacramen-</strong></span> 
     </span>
     <span class='ocr_line' id='line_1_40' title="bbox 66 3448 1001 3525; baseline 0 -19"><span class='ocrx_word' id='word_1_304' title='bbox 66 3456 130 3506; x_wconf 85' lang='lat' dir='ltr'><strong>tum</strong></span> <span class='ocrx_word' id='word_1_305' title='bbox 148 3448 326 3506; x_wconf 80' lang='lat' dir='ltr'><strong>Poenitentiac</strong></span> <span class='ocrx_word' id='word_1_306' title='bbox 340 3449 367 3504; x_wconf 89' lang='lat' dir='ltr'><strong>in</strong></span> <span class='ocrx_word' id='word_1_307' title='bbox 383 3466 410 3504; x_wconf 89' lang='lat' dir='ltr'><strong>rc</strong></span> <span class='ocrx_word' id='word_1_308' title='bbox 425 3457 585 3525; x_wconf 83' lang='lat' dir='ltr'><strong>susceptum</strong></span> <span class='ocrx_word' id='word_1_309' title='bbox 608 3449 649 3506; x_wconf 89' lang='lat' dir='ltr'><strong>val</strong></span> <span class='ocrx_word' id='word_1_310' title='bbox 662 3449 689 3506; x_wconf 91' lang='lat' dir='ltr'><strong>in</strong></span> <span class='ocrx_word' id='word_1_311' title='bbox 705 3455 767 3505; x_wconf 83' lang='lat' dir='ltr'><strong>vnto</strong></span> <span class='ocrx_word' id='word_1_312' title='bbox 787 3457 944 3525; x_wconf 88' lang='lat' dir='ltr'><strong>susceptum</strong></span> <span class='ocrx_word' id='word_1_313' title='bbox 958 3466 1001 3506; x_wconf 83' lang='lat' dir='ltr'><strong>re·</strong></span> 
     </span>
     <span class='ocr_line' id='line_1_41' title="bbox 66 3526 934 3609; baseline -0.005 -19"><span class='ocrx_word' id='word_1_314' title='bbox 66 3531 232 3590; x_wconf 78' lang='lat' dir='ltr'><strong>missionem</strong></span> <span class='ocrx_word' id='word_1_315' title='bbox 244 3548 356 3589; x_wconf 85' lang='lat' dir='ltr'><strong>suornm</strong></span> <span class='ocrx_word' id='word_1_316' title='bbox 370 3537 545 3609; x_wconf 68' lang='lat' dir='ltr'><strong>paccatorem</strong></span> <span class='ocrx_word' id='word_1_317' title='bbox 559 3549 592 3588; x_wconf 84' lang='lat' dir='ltr'><strong>ac</strong></span> <span class='ocrx_word' id='word_1_318' title='bbox 606 3526 772 3589; x_wconf 87' lang='lat' dir='ltr'><strong>delictorum</strong></span> <span class='ocrx_word' id='word_1_319' title='bbox 786 3530 934 3609; x_wconf 85' lang='lat' dir='ltr'><strong>accipiunt.</strong></span> 
     </span>
    </p>
   </div>
   <div class='ocr_carea' id='block_1_3' title="bbox 0 0 1073 3990">
    <p class='ocr_par' dir='ltr' id='par_1_8' title="bbox 0 0 1073 3990">
     <span class='ocr_line' id='line_1_42' title="bbox 0 0 1073 3990; baseline 0 0"><span class='ocrx_word' id='word_1_320' title='bbox 0 0 1073 3990; x_wconf 95' lang='lat' dir='ltr'><strong> </strong></span> 
     </span>
    </p>
   </div>
  </div>
 </body>
</html>
