2130 3990
105 207 171 267 27⁸.
485 220 665 267 moranus

148 369 203 429 IV.
225 369 403 445 Myslerium
415 368 490 437 fidei
498 390 505 426 :
526 370 593 446 quis
606 370 729 446 Sanguis
742 367 853 428 Christi
877 366 970 426 latens
987 368 1029 426 suh

107 451 255 532 speciebus
268 451 323 509 uini
333 457 376 507 ost
386 468 428 508 res
442 451 503 510 solt
518 450 572 509 fide
585 450 790 527 cognoscibilis,
810 458 843 507 et
855 450 922 526 qnia
932 448 1030 508 Christi

107 534 235 610 Sanguis,
257 537 392 610 quatenus
404 533 434 590 in
459 532 592 593 Passione
609 529 727 605 offusus,
746 539 792 590 est
802 529 950 609 objectum
962 529 1029 601 litei,

107 617 164 691 qut
174 613 372 691 justificamur.
710 624 713 628 '

149 695 188 754 V.
212 693 276 760 Qui
284 713 340 772 pro
354 692 434 753 voirs
449 693 601 772 apostolis,
619 699 657 752 'et
664 712 723 771 pro
737 690 852 758 mullis,
863 690 1028 752 tamJudsir
1061 687 1065 704 ¹

108 795 193 855 quam
209 774 378 842 Gentilibus,
400 778 458 834 iniri
470 795 521 854 pro
533 774 662 833 omnibus
678 773 740 851 (qui
752 781 932 832 nmaessunt
943 772 1024 851 multi)
1048 789 1065 870 Η

108 856 199 937 quoad
219 854 413 915 sufficientiam
427 854 586 914 effundetur
607 859 634 914 iu
654 855 755 928 Cruca,
779 862 807 912 et
819 856 922 925 atium¹
938 851 985 911 hic
1006 856 1024 913 ir
1048 871 1049 876 ’

110 939 201 995 Coenn
214 957 264 1017 per
277 938 439 998 libationem
466 937 689 1014 oblationemque
712 939 740 994 in
768 934 962 994 Sacrificium.
994 934 1021 995 Is

108 1022 307 1077 remissionem
322 1017 525 1091 Peccatorum,
535 1037 597 1097 qun
607 1029 648 1076 ast
660 1016 773 1075 effectus
786 1016 928 1075 Passionis
938 1014 1022 1077 Christ
1047 1018 1065 1087 '1

111 1100 190 1178 aequc
203 1120 237 1157 ac
248 1099 331 1177 hujus
344 1098 492 1159 Sacrificii.
1048 1107 1050 1110 ’

149 1181 323 1260 Ampliorem
336 1180 553 1260 explicationem
567 1178 635 1238 dant
653 1178 805 1259 Scripturas
822 1177 922 1237 Sacra
950 1177 1021 1239 lutu-
1047 1175 1065 1249 ³1

129 1270 207 1321 retas.
1058 1271 1062 1274 “

109 1283 127 1341 p
151 1342 261 1420 Collige
274 1364 312 1401 ex
326 1343 381 1402 hoc
395 1349 424 1401 at
450 1341 617 1422 precedenti
635 1341 724 1398 Num.
751 1340 836 1400 valde
850 1340 1022 1420 periculosus

109 1444 169 1482 esse
192 1424 340 1502 quidquam
362 1427 389 1483 in
416 1424 506 1484 uerbis
524 1422 753 1482 Consecrationis
767 1424 899 1482 omittere
912 1420 956 1481 vel
975 1442 1021 1480 nu·
1047 1449 1065 1496 Ι

110 1515 180 1576 tara,
201 1504 335 1584 naquoid
348 1505 411 1565 siah
421 1514 540 1585 peccato
552 1503 713 1582 fieriposse.
1053 1507 1065 1580 'p

112 1708 153 1767 Ν.
175 1706 224 1765 20.
248 1706 306 1767 DE
337 1706 465 1767 Rasin
495 1706 672 1767 CHRISTI
702 1704 961 1765 PRAESENTIA
987 1703 1022 1763 ln'
1064 1739 1065 1756 2

131 1788 423 1851 'EUCHARISTIA
445 1786 501 1850 ΕΤ
521 1788 765 1849 ERRORIBUS
787 1784 1007 1847 OPPOSITIS.

356 1971 388 2031 S.
406 1972 505 2032 Thura.
519 1979 624 2053 quast.
639 1970 688 2031 75.
702 1978 759 2032 art.
774 1976 787 2029 l

113 2156 137 2214 l.
162 2156 286 2215 Heresis
301 2155 488 2232 Berengarii.
506 2155 548 2214 Il.
564 2148 765 2233 Albigeusimh
776 2160 806 2214 cl
820 2153 863 2211 W
860 2153 950 2231 s'cleff,
968 2155 1022 2213 (hl-
1054 2159 1065 2230 ²,

154 2240 227 2302 nini,
253 2240 304 2312 lte.
328 2236 386 2295 111.
417 2236 499 2302 Quos
520 2255 618 2296 cinnes
641 2241 763 2295 damnat
789 2239 952 2294 Tridentin.
978 2235 1022 2294 IV.
1059 2243 1065 2257 ’

156 2317 273 2396 Duplex
284 2336 365 2375 error
388 2316 514 2375 Lutlreri
529 2318 566 2375 V.
589 2322 614 2376 Α
641 2319 817 2376 ''l'ridentz'no
841 2320 1021 2395 proscriptus.

155 2399 208 2457 VI.
237 2398 320 2458 Huic
343 2398 533 2457 Sacramenta
546 2400 666 2457 debetur
679 2398 777 2458 cultus
791 2396 893 2456 latrric.

157 2563 181 2618 1.
204 2562 324 2619 Douma
347 2558 524 2618 Catholicum
557 2559 593 2618 de
617 2562 687 2619 reali
710 2560 817 2618 Christi
838 2562 1021 2640 praesentinin

117 2642 296 2701 Eucharistiae
309 2643 365 2700 huc
379 2660 470 2719 usque
479 2650 607 2699 constans
619 2653 646 2699 ct
655 2641 845 2699 indubitatum
854 2640 1023 2712 interfideler‚
1045 2651 1046 2656 ’

116 2723 219 2782 seculo
233 2722 382 2799 undecimo
398 2722 582 2800 Berengarius
606 2723 789 2795 Turonensis,
817 2722 1023 2780 Archidiacouur
1047 2726 1048 2737 ¹

116 2805 331 2882 ⁴-hndegavensis
355 2806 457 2883 primus
472 2804 565 2880 palam
592 2808 713 2880 negavit.
735 2823 865 2874 asserens,
890 2802 1023 2862 Eucharis-

116 2890 185 2944 tiam
207 2905 386 2944 merumasse
402 2884 528 2962 Corporis
557 2884 661 2943 Christi
687 2886 806 2961 signum.
850 2883 924 2942 Haec
947 2894 1025 2942 auton

116 2969 224 3025 haeresis
237 2970 256 3026 a
271 2967 345 3024 Viris
358 2966 525 3024 doctissimis
538 2965 590 3024 fuit
613 2970 775 3043 impugnata
801 2971 830 3021 et
854 2964 985 3023 damnata
1005 2966 1025 3021 iu

117 3052 197 3107 rsriis
212 3047 361 3106 Consiliis:
383 3055 411 3105 et
438 3050 563 3125 quamvis
577 3047 725 3125 aliquoties
741 3047 863 3124 relapsus
882 3048 927 3117 sit,
951 3046 1026 3125 porni-

118 3139 221 3189 tentcm
235 3137 330 3187 tamen
343 3137 371 3186 et
386 3129 563 3186 Catholicum
579 3129 686 3187 obiisse.
711 3127 800 3203 plures
814 3135 961 3185 testantur.

159 3212 200 3271 ΙΙ.
223 3211 417 3286 Berengsrium
434 3211 522 3267 secuti
536 3218 602 3265 sunt
626 3209 788 3283 Allrigunses
802 3216 830 3264 ct
855 3206 981 3279 Wicleff,
994 3205 1028 3282 qui

118 3292 213 3351 docuit
239 3292 424 3351 substantiam
451 3290 519 3348 Vini
549 3288 698 3347 materialis
727 3302 754 3347 et
782 3288 867 3346 Panis
889 3287 1028 3347 materialis

118 3393 230 3432 manere
244 3377 271 3430 iu
285 3375 466 3431 Sacramento
482 3370 591 3429 Altaris.

159 3454 271 3512 Saeculo
284 3454 487 3513 decimo-sexto
513 3451 714 3522 chlotarius,
735 3450 890 3526 Zuinglius,
912 3450 1029 3514 Bnoems,

121 3536 263 3608 Calvinus,
284 3543 388 3613 etpost
401 3552 465 3592 sum
487 3531 646 3591 Calvinistae
659 3533 783 3590 similiter
797 3532 963 3602 domemur,
985 3528 1031 3589 aa·

121 3619 276 3677 charistism
291 3634 468 3680 ostentatam
482 3624 512 3673 et
523 3614 628 3675 nudam
644 3614 771 3693 Corporis
785 3611 892 3674 Christi
905 3612 1022 3693 ligurum.
