2130 3990
79 177 119 237 42
455 197 632 251 :remonon

80 343 187 414 Deum,
207 340 291 403 aits.
306 339 365 400 Th.
380 344 422 402 ito
434 351 468 403 nt
480 343 535 423 ipsi
549 362 599 422 por
605 343 830 417 intercessionem
844 362 927 409 onem
940 364 1007 424 sup·

79 422 177 502 pleent
189 421 227 492 id,
250 421 326 502 quod
340 421 418 482 decet
431 423 587 484 infirmitati
600 443 714 504 procum
727 433 892 487 nostrarum.

122 502 193 582 Obj.
222 503 265 562 ll.
279 504 378 565 Sancti
404 524 462 565 non
490 513 661 585 cognoscunt
686 522 783 586 preces
796 515 922 578 nonum
942 525 1008 582 ergo

77 583 182 646 frusoa
194 585 365 651 inrocuntur.

122 665 160 724 R.
177 666 208 724 N
210 685 254 744 eg.
269 669 359 727 culeo.
374 666 450 729 Quia
463 667 559 727 Sancti
571 666 666 726 omniu
677 675 848 744 cognoscunt
858 667 888 727 in
901 664 1009 741 Verbo,

83 766 146 826 qnae
167 743 204 805 cd
231 766 326 806 eorum
353 754 459 807 statum
483 749 628 828 pertinent,
651 746 779 829 adeoque
791 767 889 827 preces
903 756 1008 809 nostras

82 827 120 888 ed
141 847 190 897 eoo
215 825 334 887 directae
353 830 490 889 videntin
512 826 619 902 Verbo,
638 829 736 889 sivein
752 829 815 887 Deo
828 832 965 908 tauqudm
978 831 1008 888 in

80 908 198 991 speculo
210 910 306 975 omnio
320 911 487 982 continente,
507 910 588 970 sicuti
602 910 704 990 Aogeli
717 929 814 991 preces
825 919 932 977 nostros
943 926 1008 988 cog·

77 997 208 1051 noscunt.

121 1071 192 1131 Inst.
210 1069 321 1131 diocles.
335 1091 398 1152 cen
414 1069 443 1129 9.
457 1091 482 1128 v.
498 1072 528 1129 5.
542 1069 663 1132 dicitur:
686 1077 705 1107 “
720 1071 829 1132 Mortui
843 1071 914 1133 nihil
925 1090 1008 1132 nove·

81 1158 145 1214 runt
158 1152 278 1232 emplius
291 1151 318 1211 :''
338 1172 403 1229 ergo
418 1152 516 1211 Sancti
530 1173 624 1233 preces
636 1158 742 1213 nostrus
755 1173 811 1212 non
825 1159 955 1213 noscunt.
994 1220 997 1224 b

124 1232 162 1293 R.
186 1233 305 1313 Optime
329 1233 433 1293 solutio
448 1242 498 1302 ost,
519 1235 568 1294 illu
581 1233 664 1292 verbu
683 1254 746 1292 esse
758 1237 959 1315 insipientium,
980 1232 1011 1295 e't

81 1315 248 1380 dicentium,
268 1316 392 1375 unimam
406 1333 471 1373 curn
484 1333 599 1395 corpore
610 1317 732 1373 interire.

124 1394 195 1474 obj.
219 1394 279 1457 111.
304 1395 413 1456 Omnia
425 1395 500 1455 bonu
512 1395 592 1457 nobis
610 1396 803 1474 proveniunt&
818 1394 892 1469 Deo,
912 1394 962 1475 qui
975 1416 1011 1454 en

83 1474 149 1537 dure
162 1482 275 1556 perotus
286 1485 343 1537 eet:
365 1495 431 1555 ergo
439 1475 516 1536 mole
531 1496 567 1536 en
579 1478 698 1559 petimus
712 1473 866 1536 tSunctis.

122 1556 161 1617 R.
176 1556 207 1616 N
209 1577 254 1636 eg.
268 1576 379 1639 conseq.
391 1577 398 1614 ε
412 1557 478 1638 quio
490 1577 545 1618 non
558 1558 679 1638 petimus
688 1555 794 1636 aliquid
804 1558 945 1616 dSanctio
956 1576 1009 1616 ex·

82 1637 222 1703 eludendo
246 1640 349 1709 Deum,
370 1636 421 1719 sed
441 1641 535 1719 polius
556 1648 588 1699 ut
607 1657 659 1718 por
680 1638 799 1702 Sanctus
811 1636 943 1725 tunquur'n
958 1659 1011 1719 per

81 1720 274 1779 intercessores
288 1721 459 1799 accipiemus
473 1723 491 1780 ὲ
506 1719 578 1779 Deo.

84 1796 88 1801 ’
122 1799 208 1862 Qudd
233 1811 327 1860 autern
343 1802 400 1859 Dei
423 1799 599 1861 clementium
625 1821 676 1881 per
688 1801 805 1860 Sanctus
821 1799 1011 1880 imploremus)

81 1898 138 1949 non
154 1890 195 1940 eol
205 1902 242 1939 ox
256 1880 364 1941 defectu
379 1883 508 1961 potentiue
521 1882 562 1940 vel
576 1882 772 1942 misericordie
786 1882 857 1952 Dei;
877 1880 925 1940 sed
940 1884 1011 1962 quin

82 1961 161 2020 Deus
183 1960 312 2040 quaedom
326 1961 463 2022 beneficio
475 1961 629 2021 concedere
643 1984 699 2022 non
718 1963 778 2021 vult
790 1964 841 2021 nisi
854 1981 904 2041 per
917 1962 1010 2022 Sono-

81 2050 134 2114 tos,
156 2052 183 2100 ut
207 2046 247 2102 sic
261 2042 431 2102 honorentur
444 2043 550 2114 Sancti,
573 2051 602 2100 et
618 2044 695 2102 Dens
708 2046 737 2102 iu
753 2045 836 2122 ipsis3
857 2064 904 2101 sou
921 2046 1009 2104 etium

81 2130 114 2179 ut
127 2125 167 2181 sic
181 2123 372 2183 subordinatio
392 2132 422 2182 et
436 2123 504 2182 ordo
518 2126 546 2183 in
560 2128 651 2184 censis
672 2125 802 2184 secundis
815 2133 944 2196 servetur,
966 2127 1011 2184 uit

80 2205 110 2260 S.
126 2204 235 2265 Thom.
249 2206 437 2285 supplementi
450 2213 547 2284 quest.
568 2207 616 2265 tu.
632 2212 674 2265 nrt
684 2205 713 2264 2.
727 2205 763 2264 ad
780 2204 808 2265 l.

123 2286 164 2344 11.
189 2285 367 2345 Generaliter
386 2306 434 2365 pro
455 2285 498 2344 his
519 2286 623 2345 etnliis
645 2287 847 2366 objectionibus
860 2288 1011 2346 convinces

81 2367 230 2442 Sectarion
250 2367 322 2445 qudd
336 2366 398 2426 haec
411 2368 574 2426 omninnon
587 2367 705 2442 obstent,
719 2370 867 2447 quominus
877 2366 1009 2447 imploro-

80 2465 144 2506 mus
159 2468 253 2526 preces
267 2450 409 2507 vivorum:
431 2467 496 2529 ergo
509 2467 561 2506 uec
574 2448 683 2513 obsture
709 2457 836 2531 possunt,
859 2453 1011 2529 quominus

83 2537 212 2606 petamus
226 2529 359 2607 suffragiu
372 2531 574 2595 Sanctorumiu
590 2528 686 2591 Colis.

120 2613 166 2668 An
181 2612 320 2669 invocatio
334 2615 503 2669 Sanctorum
514 2619 558 2669 est
569 2611 599 2669 in
612 2610 773 2690 precepto?

125 2690 182 2749 ΙΙΙ.
200 2690 238 2750 R.
253 2689 349 2769 aliqui,
363 2696 415 2751 ne'c
429 2711 489 2751 esse
503 2693 688 2753 neceesarium
697 2690 734 2751 nd
744 2692 871 2760 salutem,
886 2712 939 2753 nec
951 2694 1008 2755 eio-

82 2771 153 2847 gulis
181 2782 364 2851 proneptem
387 2774 500 2852 Sylvius
516 2779 619 2843 temen,
641 2774 767 2847 Billuert,
797 2768 850 2835 &e
878 2774 1009 2853 probabi·

81 2853 134 2910 lius
146 2861 250 2931 putant
274 2873 334 2913 esce
346 2857 374 2914 in
386 2861 540 2935 precepto:
560 2853 646 2933 idque
671 2853 769 2914 saltem
791 2851 826 2915 de
842 2852 932 2917 Beato
944 2853 1008 2916 Vir·
1045 2902 1048 2907 .

83 2935 317 3075 gneusztdrzlioffie
332 2935 439 3009 ridetur
453 2934 545 3016 colligi
559 2956 598 3001 ex
611 2937 666 2998 SS.
681 2934 819 3010 Patribus,
828 2942 857 2994 et
865 2955 1011 2999 commum
