2130 3990
330 204 373 248 nn
393 179 566 248 sucnirrero
587 205 694 250 mrssrn.
923 185 984 253 4⁰6

94 348 183 409 vm.
194 348 233 409 lt.
249 350 346 411 Perse
361 371 416 410 non
431 350 512 423 licet;
535 354 601 431 quie
616 351 706 413 Missa
718 355 762 409 est
776 368 834 415 unu
845 348 942 411 tutelis
956 358 986 409 et

52 434 163 510 integro
176 435 262 499 actio,
281 431 358 510 cujus
371 442 464 510 pentes
478 453 515 491 ex
543 435 680 492 constanti
695 429 832 490 Ecclesiae
848 431 985 490 Doctrine

52 533 150 575 aecum
164 515 284 573 invicem
300 532 435 572 connexe
450 533 510 572 esse
525 512 646 572 debent:
667 510 849 581 licettamen,
864 511 888 571 si
901 514 985 577 mori.»

51 593 163 654 bundus
177 593 322 671 Baptismo
345 604 395 652 eut
421 595 592 654 Poeuitentid
605 594 737 671 indigeat,
758 593 782 651 ei
795 593 916 666 infirmo,
936 595 985 672 qut

51 683 153 736 cetere
180 675 362 733 Sacramenta
389 679 525 755 suscipere
553 677 688 754 nequivit,
709 672 932 734 administranda
947 677 985 736 sit

52 756 324 825 Extremo-Unctio,
346 758 368 813 si
386 758 540 836 Episcopus
557 759 594 814 sit
607 756 755 815 collaturus
780 754 912 824 Ordines,
928 753 983 815 Pa·

50 837 157 895 rochus
184 840 344 897 concionem
359 836 513 908 habiturus,
534 847 583 895 aut
604 836 740 897 Ecclesiae
753 835 846 897 edicta
859 835 984 915 promul·

49 926 177 995 geturus,
205 916 337 996 Superior
363 929 428 977 vote
456 919 612 996 Religionis
638 925 818 995 excepturus,
838 920 862 975 si
888 925 985 994 urgeat

49 999 229 1059 exonerandi
241 999 295 1056 alvi
308 1001 474 1069 necessites3
497 1019 551 1058 non
568 1008 663 1059 temen
674 998 791 1076 expedit
805 996 926 1057 Missam
940 999 983 1059 iu·

48 1081 198 1158 terrumpi,
213 1081 302 1156 inquit
311 1078 432 1157 Sylvius,
448 1079 484 1139 ad
495 1079 660 1139 audiendam
669 1077 883 1154 confessionem,
896 1079 984 1143 etiem

50 1157 166 1220 breuem
179 1159 298 1238 alicujus
311 1163 552 1221 communicaturi.

82 1321 126 1382 N.
141 1320 189 1380 18.
205 1320 264 1384 Du
290 1321 524 1383 PRAECEPTO
546 1321 762 1384 AUDIENDI
784 1320 958 1383 Mlssatu.

51 1483 80 1542 1.
96 1483 425 1562 Praeoeptumuudr‘cudt
437 1483 565 1545 Musam
586 1484 627 1545 ΙΙ.
641 1482 767 1562 Obligat
768 1481 876 1561 fideles
886 1501 985 1543 omnes

56 1614 61 1623 ,
93 1566 219 1625 rationis
247 1575 400 1644 compotes,
422 1566 480 1624 ΙΙΙ.
505 1566 564 1627 Sub
591 1568 689 1643 graui.
719 1565 773 1625 tv.
801 1564 985 1624 Notabttuae

92 1650 227 1704 materiae
240 1647 399 1706 desumitur
413 1646 459 1706 cel
470 1651 490 1706 ci
504 1645 648 1724 qualitate
661 1644 738 1706 veld
753 1650 927 1725 quantitate,
942 1645 983 1705 V.

98 1723 206 1787 Omnes
221 1728 362 1786 mouendi
382 1729 412 1786 in
432 1729 635 1799 catechismis,
658 1735 690 1786 ut
703 1730 824 1786 audiunt
837 1729 984 1802 integram

94 1807 233 1869 Missum.
256 1807 311 1866 VI.
326 1809 394 1867 Nou
407 1810 561 1889 cutinesuctt,
582 1813 637 1889 qui
657 1807 745 1869 oimul
758 1809 840 1867 cudit
853 1808 985 1872 dicerene

87 1895 195 1970 putta-s
208 1889 325 1951 Misco.

93 2049 120 2113 Ι.
136 2050 236 2111 lunen
259 2053 385 2130 quinque
400 2051 536 2111 Ecclesiae
551 2051 697 2130 Praecepte
709 2049 865 2111 secundum
878 2057 922 2111 est
934 2069 983 2109 au·

52 2130 147 2190 diendi
174 2131 291 2191 Missam
322 2135 480 2192 Dominicis
494 2143 524 2191 et
537 2134 596 2191 eliis
612 2133 704 2192 Festis
717 2133 813 2191 diebus
837 2133 880 2191 his
894 2131 984 2193 verbi·

51 2232 236 2291 expressum:
258 2212 383 2272 Sacrum
408 2214 510 2272 Misere
537 2215 668 2294 Qfficium
682 2213 781 2272 diebus
796 2213 983 2274 Festum

52 2303 149 2357 uenter
161 2296 261 2352 audito
272 2318 282 2352 .·
304 2293 428 2354 officium
452 2295 522 2353 illud
546 2296 742 2373 complectitur
765 2316 819 2353 non
834 2294 926 2353 solum
940 2314 981 2352 ee-

52 2376 182 2433 aentielie
195 2385 246 2433 eut
258 2375 404 2455 integralia
425 2376 571 2447 sacrificii,
595 2377 644 2434 sed
669 2384 754 2435 totem
769 2375 930 2452 lithurgiam
943 2374 981 2435 ob

50 2457 132 2514 initio
154 2476 242 2533 usque
263 2458 300 2516 ad
314 2461 417 2516 linem:
438 2457 507 2516 illud
529 2466 623 2516 nutem
647 2457 824 2535 Praeceptum
848 2457 982 2521 estduria

53 2537 257 2609 Ecclesiastici,
277 2540 326 2599 sed
340 2538 488 2597 fundatum
502 2543 530 2597 in
544 2539 563 2597 J
568 2558 615 2597 ura
629 2537 749 2598 naturali
762 2547 792 2596 et
806 2539 936 2600 Divino..

94 2618 221 2684 Quinam
235 2620 393 2698 obligentur
406 2620 460 2678 hoc
474 2618 636 2698 praeeepto?
979 2671 982 2677 .

93 2696 136 2757 ΙΙ.
164 2699 201 2759 R.
230 2700 340 2765 Omnes
365 2703 507 2779 utriusque
532 2701 621 2759 sexies
644 2699 748 2770 fideles,
770 2700 919 2780 postquam
941 2697 980 2759 ed

50 2800 140 2839 ennos
155 2781 221 2840 usius
235 2783 348 2842 notionis
358 2785 540 2860 pervenerint,
556 2782 629 2858 quod
645 2785 747 2860 passim
762 2783 981 2858 contingitcireu

49 2881 153 2921 annum
180 2865 329 2942 septimum
357 2866 454 2928 aetatis,
476 2875 505 2921 ct
529 2862 594 2923 ideo
621 2863 739 2923 infantes
766 2859 978 2922 talisaeuttsad

52 2943 172 3001 Missam
186 2953 249 3002 sunt
262 2944 455 3022 compellendi.

93 3025 211 3092 Quanta
222 3034 267 3082 cst
279 3024 363 3103 hujus
379 3026 514 3102 Precepti
527 3022 681 3100 obligatio?

92 3105 151 3164 111.
167 3105 203 3162 R.
217 3106 268 3164 Est
280 3108 377 3184 gravis,
398 3109 464 3183 quie
478 3115 520 3164 est
530 3108 647 3163 materia
657 3107 743 3183 gravis
756 3113 785 3163 et
798 3104 861 3163 finis
875 3106 976 3183 gravie-

50 3188 139 3243 eimus
167 3196 198 3243 ut
211 3188 355 3257 recolatur,
375 3189 465 3264 inquit
489 3187 628 3256 Peuwels‚
651 3190 785 3245 memorie
801 3187 939 3247 Passionis
950 3195 981 3249 et

52 3269 274 3331 Resurrectionis
289 3269 407 3327 Domini
419 3269 492 3327 lesu
517 3267 634 3335 Christi„
652 3277 682 3326 et
693 3278 726 3327 ut
739 3268 820 3329 Deus
833 3266 978 3332 Sacrificio

50 3348 213 3414 honoretur,
235 3350 401 3425 inquantum
429 3347 548 3428 populus
561 3348 696 3423 in-Missa
709 3368 831 3426 presens
844 3347 983 3411 affectum

48 3439 80 3486 et
91 3428 265 3497 devotionem
275 3430 421 3509 conjungit
433 3450 496 3491 oum
510 3428 661 3489 Sacerdote
674 3430 839 3491 celebrante.
1010 3437 1012 3441 '

92 3509 218 3571 Proinde
241 3526 390 3590 peccatum
417 3511 493 3570 illius
520 3513 675 3573 omissionis
702 3520 796 3571 estex
811 3530 914 3589 genere
928 3530 985 3583 suo,

50 3593 185 3652 mortale:
201 3595 334 3673 undequi
345 3590 494 3654 sufficienti
508 3591 706 3653 deliberatione
720 3592 765 3652 die
777 3592 862 3652 Festo
876 3594 985 3653 omittit
