2136 3984
411 198 453 242 na
467 187 710 242 troanuarrour.
763 245 765 251 ,
807 218 811 229 ·
983 178 1020 239 tt

96 353 288 405 ἤπειγε...
318 353 348 403 et
376 344 410 403 ad
426 364 520 405 eomm
541 347 690 411 orationes,
711 360 805 424 opero,
825 340 1021 422 auxiliumque

92 438 115 459 ‘⁴
130 428 300 504 confugere:
321 424 382 485 illos
395 431 468 500 verb,
487 429 536 504 qui
555 436 660 506 negant
672 427 838 485 Sanctos...
855 424 1023 491 invocandos

92 511 116 540 “¹
129 528 197 577 esse,
219 517 269 566 aut
286 509 333 586 qui
344 519 478 574 asserunt,
500 508 542 566 vel
556 507 617 566 illos
632 525 680 586 pro
686 504 849 564 bominibus
864 522 1019 570 renotare,

93 589 171 647 “vel
199 608 343 647 eorum...
369 591 569 649 invocationem
583 609 643 647 esse
669 587 903 674 idololetpism„...
933 587 1022 663 impii

91 674 114 702 ⁴‘
127 667 273 728 sentire.’'·

134 772 176 830 ΙΙ.
192 766 334 830 'Probatur
356 772 442 830 etiam
466 792 503 831 ex
518 771 593 831 Gen.
614 793 678 854 cup.
692 771 741 830 48.
758 791 783 830 v.
799 769 847 828 m.
867 770 914 828 ubi
928 770 947 828 J
951 768 1021 827 acolt

91 855 206 927 invocat
217 852 360 930 Angelum
384 873 484 911 suum:
506 852 607 913 deindo
621 853 744 931 Angelos
766 851 853 911 multa
864 851 940 908 bonu
952 864 1022 930 prte-

94 942 173 1006 stare,
189 941 300 992 constat
311 954 348 992 ex
362 937 442 992 variis
452 935 527 1006 locis,
541 942 569 994 et
578 936 712 1014 imprimis
720 952 757 993 ex
766 934 893 992 Historia
902 930 1021 990 Tobiae:

93 1014 194 1073 eadem
208 1024 303 1073 autem
317 1018 441 1089 estratio
466 1015 607 1074 beatorum
634 1016 788 1083 bominum,
812 1035 874 1094 quae
898 1010 1022 1092 Angelo-

94 1115 167 1160 rum:
192 1101 223 1154 et
236 1098 276 1175 sic
287 1099 375 1154 etiam
390 1096 436 1155 lib.
451 1095 480 1154 2.
498 1096 634 1156 Machab.
657 1117 718 1176 cap.
736 1097 781 1157 15.
797 1116 820 1152 v.
841 1094 886 1154 lt.
903 1104 1021 1163 constat,

92 1177 212 1236 Sanctus
233 1175 329 1235 adbuc
352 1179 380 1235 in
396 1177 499 1236 Limbo
522 1179 673 1237 existentes
687 1198 735 1257 pro
751 1175 911 1236 homiuibus
925 1172 1020 1243 mare}

93 1255 284 1317 diciturenim
307 1256 345 1317 ini
367 1256 403 1315 de
416 1259 559 1316 deremia:
584 1263 601 1292 “
617 1258 742 1332 illucet,
764 1260 812 1338 qui
829 1255 947 1315 multum
961 1268 1024 1315 orat

91 1338 275 1418 propopulo;
297 1338 417 1417 denique
437 1338 589 1398 secundum
605 1342 679 1420 ipsos
702 1338 966 1414 Scutarios'licitum
980 1340 1024 1395 est

92 1420 218 1478 luroeare
241 1418 358 1478 Sanctus
378 1418 472 1478 adbuc
493 1423 521 1480 in
545 1429 619 1479 terra
638 1430 786 1495 versantes,
814 1428 846 1478 ut
868 1438 917 1499 pro
941 1420 1023 1478 trobis

92 1508 185 1560 orent:
207 1500 268 1573 ¹(sic
289 1500 370 1558 Deus
395 1500 491 1561 Exodi
507 1521 570 1580 cap.
589 1500 644 1560 32.
658 1523 685 1560 v.
700 1500 748 1560 14,
764 1503 890 1581 pinnatus
902 1499 957 1559 au
970 1501 1023 1578 pe'r

92 1581 244 1640 orabonem
261 1580 372 1660 Moysis
386 1601 435 1661 pro
446 1580 565 1663 populo)
578 1602 584 1638 :
596 1601 664 1662 ergo
676 1586 767 1659 magis
775 1582 805 1640 it
816 1581 886 1641 licet
901 1585 1021 1660 petercat

90 1661 202 1720 Sanctis
217 1681 283 1721 eum
298 1660 413 1722 Christo
435 1662 625 1741 regnantibus,
646 1671 742 1742 utpote
761 1665 808 1741 qui
823 1670 888 1721 sunt
902 1662 940 1722 ibi
956 1663 1021 1722 Deo

89 1744 179 1821 magis
194 1741 348 1820 conjuacti.

107 1903 1007 1988 mes.sonvusrmnomncmounscousna'

229 2007 571 2068 latrociniorum
600 2008 877 2070 sauciorum.

88 2187 113 2246 l.
130 2187 243 2249 Sancti
254 2200 326 2250 runt
339 2193 512 2250 mediatores
525 2193 706 2251 secuudurii.
742 2193 785 2250 ll.
801 2191 917 2251 Salutio
928 2211 1018 2266 gener

83 2268 182 2327 -rulr'a
227 2271 284 2328 lli.
303 2271 408 2330 Cultus
419 2274 592 2332 &reiorum
606 2275 796 2333 videturesse
810 2279 840 2332 in
851 2281 1004 2386 precepto.

125 2452 164 2511 1⁶·
182 2453 255 2512 Oai.
274 2456 301 2512 l.
313 2455 348 2513 ad
363 2457 493 2516 Timotb.
514 2477 579 2536 cap.
594 2457 623 2519 2.
637 2470 663 2514 v.
679 2459 707 2515 5.
724 2457 839 2517 dicitur:
861 2459 943 2521 Unus
958 2480 1017 2518 mo-

77 2531 176 2593 dietor
191 2536 244 2592 Dei
260 2547 288 2595 et
302 2536 447 2596 hominnm
463 2539 547 2597 homo
557 2539 683 2597 Christus
706 2541 792 2598 desus
803 2541 829 2595 :''
844 2561 909 2619 crgo
920 2544 1016 2600 Sancti

84 2634 139 2674 uon
154 2628 221 2674 suut
235 2617 405 2677 mediatores
417 2621 514 2677 nostri.

119 2696 150 2754 Ἰ.
167 2695 205 2758 R.
223 2698 296 2756 Dist.
314 2718 390 2757 cous.
407 2699 483 2778 Ergo
498 2701 595 2759 Sancti
606 2720 660 2758 nou
676 2707 744 2758 saint
757 2701 925 2761 mediatores
938 2706 1014 2780 prin-

83 2776 198 2855 cipales,
225 2799 304 2837 conc.
333 2787 438 2838 toturn:
460 2784 482 2839 is
510 2799 633 2860 namque
648 2791 690 2839 est
718 2780 791 2838 solus
807 2784 942 2855 Christus,
963 2788 1014 2863 qui

85 2861 199 2917 nomino
214 2862 324 2938 proprio
338 2864 417 2939 petit,
437 2870 531 2941 utpote
545 2865 592 2940 qui
607 2883 654 2940 per
675 2881 757 2919 suum
774 2865 858 2941 ipsius
883 2869 1013 2923 meritum

81 2938 180 2997 Deum
210 2941 373 2999 bominibus
398 2942 568 3020 placabilem
596 2943 698 3001 reddit.
742 2943 823 3020 Ergo*
842 2945 943 3005 Sancti
958 2948 1013 3005 noir

79 3027 151 3078 sunt
175 3021 343 3081 mediatores
370 3023 525 3082 secundarii
552 3033 582 3081 et
609 3024 811 3103 participative,
833 3029 880 3105 qui
909 3030 1013 3085 meritis

83 3099 193 3160 Christi
207 3102 320 3161 subnixi
336 3123 382 3182 pro
397 3104 477 3162 nobis
494 3107 588 3163 Deum
612 3115 701 3174 orant,
724 3123 788 3181 neg.
804 3127 914 3184 conseq.
930 3117 958 3164 et
972 3110 1013 3164 sic

78 3180 197 3260 quidem
208 3182 246 3242 ad
255 3183 350 3243 Galat.
365 3205 429 3263 cap.
443 3185 473 3242 3.
486 3207 511 3244 ν.
530 3189 574 3244 19.
587 3186 715 3245 tribuitur
729 3184 827 3264 Moysi
836 3208 938 3246 nomen
954 3186 1018 3247 me?

76 3261 207 3337 diatoris,
229 3272 258 3323 et
272 3265 319 3324 illo
343 3285 424 3324 sensu
439 3268 524 3324 etiam
540 3267 639 3326 dicitur
659 3269 734 3325 Diva
749 3267 844 3344 Virgo,
866 3272 884 3300 ‘⁴
901 3269 969 3327 Vita
983 3280 1011 3328 et

76 3363 143 3422 spes
156 3353 253 3403 nostra
262 3345 288 3400 :’'
304 3345 373 3404 dum
384 3356 478 3405 autem
492 3348 528 3406 ab
542 3347 590 3406 illa
605 3352 735 3426 petimus,
761 3354 778 3378 ‘⁴
793 3350 878 3406 Dona
890 3351 1010 3411 salutern
1033 3401 1043 3422 ,

72 3424 227 3492 servatis?
249 3427 416 3502 intelligitur,
432 3439 463 3486 ut
478 3432 679 3506 impetraturi&
693 3429 796 3498 donet;
813 3432 894 3489 etsie
911 3433 1008 3510 etpost.

81 3505 106 3562 l.
123 3504 161 3563 atl
176 3505 240 3564 Cor.
256 3507 285 3565 9.
300 3528 325 3564 v.
340 3507 390 3566 22.
407 3509 494 3568 audet
516 3511 610 3569 dicere
634 3511 669 3568 de
691 3513 799 3589 seipso:
823 3519 841 3542 ‘⁴
855 3512 898 3572 Ut
912 3533 1009 3572 omnes

71 3587 200 3645 tacerem
214 3587 332 3646 salvosl'

114 3668 217 3742 Neque
235 3667 266 3724 id
276 3670 382 3729 minuit
396 3670 566 3751 dignitatem
589 3684 622 3736 et
630 3680 801 3759 potentiam
810 3677 947 3744 Cleusis
970 3674 1048 3750 uara

57 3744 162 3800 amca
180 3747 347 3809 irrorantur
360 3763 499 3832 tanquam
512 3759 699 3826 mediatores
712 3765 797 3848 apud
814 3758 1022 3824 metretum
1031 3757 1062 3806 Θ
