2130 3990
115 174 172 234 154
466 186 469 193 '
500 189 678 235 rasennam

152 338 194 394 4⁰·
207 333 258 398 Uti
271 346 366 394 autem
382 335 501 395 metent
514 338 590 395 oeno
601 333 790 395 insufficiente
812 338 859 411 (nt
873 336 951 406 rino,
974 335 1042 410 oleo,

112 414 181 489 &al
205 434 389 556 quacumppa
403 424 501 494 urgeat
514 418 675 483 necessitas,
695 417 793 476 inatile
806 423 848 475 est
861 422 894 474 et
905 416 1042 480 illicitum.

152 496 322 557 Notandum
359 498 389 554 lc
412 498 499 556 etiam
519 517 555 556 ax
572 496 724 557 Pastorali:
746 504 779 557 ut
804 497 969 577 Baptismus
990 518 1039 561 nor

110 583 219 638 tantam
233 578 336 653 valide,
356 575 406 635 sed
419 579 504 637 etiam
515 576 594 639 licite
609 577 828 637 administretur.
921 610 925 615 -
1059 600 1061 609 ¹

154 663 190 754 l⁰·
216 660 311 755 Debet
325 657 451 719 adhiberi
469 679 545 753 aqua
559 680 597 718 ax
611 659 706 753 Fonte
721 656 888 799 Baptismali
896 681 905 730 ;
927 657 1035 741 limoque
1060 732 1061 739 ἵ

109 739 1032 899 llilttittitttttttlttttttttt,,an
1056 760 1061 871 s

108 910 200 961 trato:
231 902 306 961 unde
341 900 471 961 Minister
499 901 536 961 ad
566 901 686 961 similem
713 904 910 962 necmsitatem
931 910 1032 964 vocato

107 982 267 1061 lagenulam
280 1003 360 1061 aquae
374 981 410 1042 de
425 983 510 1041 Sacro
526 984 619 1043 Fonte
632 980 766 1057 conferat,
779 984 822 1043 rel
832 984 921 1062 quari
932 982 1030 1061 jubeat
1050 954 1061 1047 l

147 1062 191 1121 3⁰·
213 1066 366 1143 Excipitur
378 1071 473 1123 tamen
487 1083 587 1142 urgens
600 1065 761 1133 necessitas,
782 1063 826 1123 vel
839 1065 864 1123 si
883 1061 1030 1144 Baptismus
1048 1050 1061 1189 Γ

108 1152 179 1204 esser
192 1144 427 1205 administrandus
439 1164 489 1223 per
502 1145 686 1215 obstetricem,
702 1141 755 1203 &a
1055 1144 1061 1175 '⁴

145 1230 194 1295 4⁰2
203 1228 285 1305 Aqua
298 1228 376 1285 Sacri
390 1224 490 1284 Fontis
504 1229 605 1296 servari
619 1224 705 1284 debet
715 1223 823 1285 munda
833 1243 840 1280 :
851 1222 1028 1303 ideoquenon
1045 1202 1061 1343 p

104 1307 225 1367 nimiirm
248 1308 409 1366 chrismatis
431 1309 591 1381 misceatur,
621 1308 675 1365 n'cc
698 1306 755 1365 alio
774 1304 860 1365 modo
881 1304 1027 1366 inliciant:
1050 1346 1061 1373 ·.

104 1387 181 1447 unde
203 1387 295 1468 proles
318 1387 417 1446 morbo
436 1390 599 1467 contagioso
610 1386 725 1447 infecta
739 1406 797 1446 nnn
811 1406 895 1466 supra
910 1386 1028 1462 Fontem,

104 1469 156 1529 aad
170 1470 244 1551 aqui
258 1469 293 1529 (lc
309 1470 399 1528 Fonte
412 1473 527 1548 sumptis
541 1469 675 1549 baptizari
698 1466 783 1526 dabat
802 1475 887 1526 extra
905 1468 1027 1527 Fontem.
1055 1540 1061 1551 Ι

143 1550 186 1609 5⁰·
211 1553 243 1610 Si
263 1570 338 1631 aqua
363 1550 462 1608 Fontis
484 1552 520 1609 sit
542 1551 697 1629 congelata,
716 1549 759 1607 vel
782 1550 901 1607 nimirim
925 1549 1027 1627 frigida,
1056 1554 1061 1597 ἵ

104 1634 232 1692 manibus
242 1631 364 1697 calefiat,
385 1632 429 1687 vel
454 1635 600 1691 misceatur
623 1631 686 1711 (sed
698 1628 849 1709 in'majora
863 1632 1032 1713 quantitate}

104 1733 168 1773 curn
184 1732 256 1791 aqua
270 1714 410 1771 communi
425 1711 571 1771 calefacta.

143 1793 182 1850 6⁰·
205 1797 236 1853 Si
258 1813 331 1873 aqua
345 1793 424 1851 Sacri
442 1793 538 1851 Fontis
553 1800 608 1851 tam
623 1794 773 1851 imminuta
785 1793 830 1861 sit,
847 1799 880 1851 nt
898 1794 1027 1851 timeatur

101 1873 237 1942 defectus,
257 1877 314 1933 alia
328 1875 485 1933 communis
499 1873 646 1932 admisceri
659 1882 759 1952 potest,
772 1874 800 1931 in
816 1875 929 1933 minore
938 1881 1026 1933 tamen

100 1958 267 2033 quantitate.
319 1954 350 2012 Si
365 1963 494 2033 corrupta
504 1957 548 2025 sit,
570 1954 613 2013 vel
628 1954 723 2033 aliquo
737 1953 821 2013 modo
835 1953 981 2027 deiecerit,
999 1956 1028 2013 in·

102 2037 222 2096 Fontem
234 2037 288 2096 rite
304 2035 472 2095 mundatum
486 2055 560 2094 nova
570 2034 739 2107 infundatur,
755 2042 784 2095 et
797 2035 989 2095 benedicatur.

141 2218 181 2276 N.
203 2218 233 2277 5.
257 2218 316 2311 DE
338 2215 534 2277 MATERIA
554 2215 756 2276 PROXIMA
779 2214 988 2317 BAPTISMl.

343 2398 375 2459 S.
393 2400 493 2461 Tlom.
515 2408 617 2482 quaest.
634 2399 661 2461 7.
677 2404 707 2460 et
720 2402 750 2462 8.

96 2585 120 2643 1.
147 2582 280 2643 Materia
288 2587 432 2663 proxima
445 2582 624 2643 estoblutio.
655 2583 695 2642 IL
723 2582 792 2652 Qun
799 2582 844 2657 fit
857 2580 1021 2659 tripliciter.
1055 2604 1061 2645 t

136 2665 236 2726 Etiam
250 2666 358 2725 aalide.
380 2665 437 2724 111.
456 2664 573 2744 Triplex
584 2662 690 2741 pffusr'o
702 2668 874 2741 requiritur.
896 2662 953 2723 IV.
968 2663 1023 2725 Sed
1052 2686 1061 2725 r

134 2766 172 2806 ec
181 2756 324 2827 precepto
337 2744 475 2805 Ecclesia
488 2747 613 2806 tantam.
644 2744 683 2804 V·
707 2744 901 2810 Quandonam
918 2742 1019 2805 Sacra·
1050 2782 1054 2805 r

134 2837 258 2888 meritam
267 2828 453 2908 perficiatur.
475 2827 529 2887 Vl.
541 2827 653 2887 Modus
654 2823 777 2905 forma.

131 3012 280 3075 Quanam
295 3019 335 3071 est
348 3013 466 3071 materia
480 3012 611 3090 proxima
625 3008 783 3088 Baptismi?

130 3093 154 3152 1.
182 3093 218 3152 R.
245 3095 298 3152 Est
312 3095 434 3152 materiae
448 3099 572 3161 remotae,
593 3088 700 3149 seilicet
712 3110 791 3168 aquae
805 3089 948 3161 naturalis,
972 3110 1015 3170 ap-

87 3173 211 3254 plicatio,
231 3176 288 3233 sive
302 3177 363 3254 ipsa
378 3174 484 3233 ablutio
499 3170 654 3251 corporalis.

128 3255 205 3326 Quor
218 3254 308 3314 modis
321 3256 381 3314 fieri
394 3262 487 3333 potest
499 3256 563 3331 ipsa
577 3251 706 3312 ablutio?

127 3335 169 3392 Il.
193 3335 281 3415 Resp.
305 3334 487 3415 Tripliciter:
512 3334 552 3391 1⁰·
568 3334 760 3392 immersione:
783 3332 826 3390 2⁰·
841 3334 1014 3410 aspersione:

84 3424 114 3474 et
126 3414 170 3471 30·
186 3415 329 3489 effirsiona,
350 3416 393 3476 vel
406 3415 555 3487 inlusione,
575 3414 619 3472 val
634 3413 778 3475 affirsione.
830 3411 878 3472 Ad
898 3412 1015 3473 valorem

85 3503 179 3557 autem
193 3498 366 3559 sacramenti
378 3516 555 3577 unaquaque
569 3515 607 3554 ex
619 3493 674 3554 illis
694 3495 782 3554 tribus
802 3503 845 3554 est
868 3491 1016 3568 sufficiens,

84 3576 169 3637 modo
190 3576 332 3640 sufficiens
352 3579 489 3639 habeatur
511 3577 632 3658 corporis
654 3577 775 3648 ablutio:
798 3577 868 3656 quia
884 3574 975 3654 jnxts
986 3576 1014 3634 8.

83 3658 199 3719 Thom·
214 3658 316 3723 modus
330 3659 486 3724 ¹ablutionis
507 3678 558 3743 per
578 3656 709 3720 accidens
722 3657 854 3731 sehabet
866 3655 905 3719 ad
916 3658 1015 3719 Sacra·

83 3749 220 3804 mantum.
