2130 3990
408 196 449 248 ne
464 203 623 248 numano.
925 186 982 249 185

49 358 184 413 mant:
204 348 383 432 baptizantur
408 360 503 410 autem
516 351 607 431 primb
620 345 777 409 secundinio
798 347 923 421 involuti,
945 370 982 409 ne

50 440 162 515 tempus
174 442 282 493 teretur
295 452 361 493 cum
374 431 501 513 periculo
526 433 621 490 mortio
640 432 772 509 ipsorum,
788 427 836 488 ubi
849 432 907 490 ueri
931 450 982 490 ex·

51 524 230 590 ponerentur:
251 512 353 574 deinde
373 515 457 573 cauto
469 513 631 592 aperiuntur
652 510 820 580 secundinae,
842 512 919 570 otiis
934 528 987 571 va:

55 595 119 669 cuia,
133 598 235 655 iterum
249 596 408 676 baptizetur
421 592 505 652 foetus
517 593 569 652 aub
581 591 754 661 conditioue;
772 590 809 650 sa·
819 591 861 650 aia
875 610 981 671 capue.

57 673 223 737 Pluracirca
236 676 310 736 banc
353 677 442 735 raxim
463 673 527 734 vide
541 678 572 734 in
586 676 745 733 memorata
759 673 980 734 Dissertutt'ene

59 754 87 816 ud
98 757 208 817 enicem
222 756 308 837 bujua
322 696 485 816 dractatds.

70 868 74 877 ·
88 836 133 899 Ut
145 841 213 897 verb
225 838 405 905 diacomatur,
420 855 489 896 num
500 833 579 904 iliud,
602 833 676 916 quod
685 832 835 894 immaturb
849 833 885 892 ab
901 843 982 895 utero

61 916 174 979 effusum
188 928 240 995 eat,
259 917 345 979 ioetua
357 918 393 978 ait
406 915 448 976 vei
462 936 527 986 non,
542 916 617 975 hanc
627 914 752 995 regulam
760 918 855 975 statuit
867 914 982 975 Floren-

65 1000 163 1074 tiuiua;
185 999 300 1080 quuudo
311 1002 435 1060 interum
448 997 633 1057 homunculus
647 997 683 1056 ob
709 996 752 1054 sui
766 995 982 1056 teneritudinem

61 1080 243 1142 uombruuam
264 1082 392 1161 nequivit
413 1079 588 1158 abrumpere,
608 1088 638 1138 et
659 1080 781 1156 seipsum
809 1075 933 1156 prodere,
956 1079 981 1137 si

58 1160 224 1222 involucrum
237 1161 306 1222 iilud
314 1160 436 1220 effusum
445 1169 577 1240 appareat
588 1158 753 1218 membranei
764 1156 979 1228 circumdatum,

58 1240 288 1322 pastinabunt
313 1241 414 1302 ooioria
438 1240 537 1300 aimiiis
563 1243 710 1313 intestinis,
730 1238 930 1315 figuraeovalia,
952 1248 982 1298 et

57 1343 115 1403 qua
129 1323 220 1403 digito
230 1332 305 1384 tacta
317 1321 502 1384 moileacntet
512 1320 604 1390 cedat,
617 1323 728 1399 signum
742 1318 896 1379 astinetum
910 1339 979 1388 oeae,

55 1422 108 1469 non
123 1404 245 1464 molem:
261 1406 290 1464 -ai
303 1407 365 1464 verb
377 1402 454 1470 iliud,
474 1400 550 1483 quod
559 1421 597 1460 ex
610 1412 689 1460 utero
703 1399 825 1459 mulieris
838 1420 981 1481 egressum

54 1494 100 1551 eat.
120 1488 158 1545 ait
172 1505 247 1546 caro
268 1483 404 1553 minimis,
426 1486 508 1562 nigris
530 1484 606 1541 venis
627 1491 656 1542 et
681 1482 838 1560 sanguinein
860 1486 977 1555 intexta,

53 1566 165 1647 aoubrap
180 1565 259 1641 dura,
279 1573 331 1625 aut
342 1567 417 1624 vario
438 1563 530 1623 colore
542 1561 650 1629 iniecto,
672 1569 734 1621 tum
748 1561 826 1621 mole
836 1561 980 1640 judicabi-

54 1657 106 1718 tur,
126 1644 290 1708 uou'foetue.
334 1645 408 1707 Vide
421 1643 607 1725 Gangiamila‚
621 1643 741 1723 autejue
757 1643 979 1721 Compendium.

53 1725 144 1788 lib-l.

71 1852 74 1857 ’
111 1886 153 1951 n.
171 1885 221 1950 ee.
237 1842 599 1951 nu-aarurzanms
621 1883 921 1946 mensurnam

378 1966 646 2031 nuunuraus.
845 1992 848 1997 -
935 1962 990 1995 ··

56 2131 81 2191 1.
101 2132 169 2201 Qua
186 2140 318 2193 monstra
330 2136 393 2193 aiut
406 2130 593 2210 baptizando.
635 2128 679 2188 II.
710 2126 770 2188 Vel
792 2132 836 2186 eat
862 2128 979 2188 tactim

93 2232 173 2275 anua
185 2214 280 2275 domo.
323 2214 381 2274 lli.
404 2212 464 2272 Vel
468 2210 583 2292 plures.
626 2208 680 2269 IV.
698 2208 754 2268 Vel
766 2210 853 2270 datae
863 2209 978 2289 plures.

91 2294 129 2356 V.
153 2294 202 2354 De
215 2293 383 2366 amonitus,
403 2297 456 2372 dyc.

92 2457 118 2517 1.
140 2462 161 2490 “
175 2456 371 2527 Monimou,
393 2455 460 2515 dicit
486 2451 631 2514 Pmtorale
652 2458 775 2514 nostrum
798 2451 978 2513 conformiter

56 2535 89 2597 ad
115 2536 232 2598 Rituale
258 2536 383 2597 Roman.
411 2534 487 2616 quod
503 2536 685 2595 humannms
723 2539 794 2596 ciem
812 2534 980 2607 nonhabet,

56 2618 186 2697 beptiami
208 2638 264 2679 non
291 2618 392 2691 debet;
411 2618 550 2697 judicium
575 2622 671 2673 autem
712 2616 853 2695 ujuamodi
875 2617 916 2674 rei
929 2635 980 2695 po-

56 2699 190 2759 tisimum
213 2719 250 2759 ex
277 2702 368 2779 capite
383 2697 472 2778 (quod
496 2706 540 2757 eet
552 2697 665 2757 rationis
685 2707 716 2755 et
727 2715 858 2756 sensuum
883 2693 977 2771 sedes)

56 2779 222 2860 capiendum
242 2787 303 2839 eet:
324 2780 448 2859 proinde,
470 2782 492 2838 si
512 2784 598 2858 caput
621 2778 657 2834 sit
670 2777 833 2846 humanum,
854 2785 902 2837 aut
915 2775 977 2834 'bu-

57 2880 135 2920 mano
163 2863 286 2941 propius,
306 2861 479 2940 baptizetur:
502 2863 525 2919 si
540 2864 578 2919 sit
590 2855 717 2927 dubium,
747 2858 903 2936 baptizetur
925 2857 978 2915 nub

56 2940 228 3002 conditione:
250 2946 279 3001 ai
290 2946 324 2999 tu
334 2962 366 3001 eo
383 2942 465 3001 borno
476 2964 487 2998 .·
507 2949 537 3000 et
560 2943 601 3000 ite
626 2940 650 2997 ai
669 2947 754 3017 caput
766 2946 839 2997 esset
851 2935 978 3006 ferinum,

56 3022 204 3162 bbreliqua
217 3023 344 3082 membra
361 3021 494 3093 humana,
516 3022 568 3080 sub
593 3017 752 3079 conditione
774 3018 912 3098 baptizari
930 3020 978 3077 de·

99 3113 137 3163 et.

92 3185 278 3264 Quemquam
294 3185 418 3245 Rituulia
438 3187 621 3244 communiter
642 3182 823 3264 praescribant
845 3201 902 3240 non
916 3200 978 3239 esse

58 3264 251 3345 baptizandum
259 3275 425 3338 monstrum,
436 3267 512 3342 quod
517 3266 674 3325 humanam
683 3266 867 3342 specimen
878 3259 978 3325 habet:

57 3345 121 3406 iliud
133 3356 230 3406 tumen
245 3346 400 3407 hodiedum
414 3348 433 3403 b
445 3346 634 3426 compluribus
647 3345 771 3404 Medicis
785 3350 813 3401 et
822 3342 979 3420 Theologis

56 3428 81 3484 in
94 3426 213 3486 dubium
223 3436 371 3498 revocatur,
383 3448 419 3486 au
428 3427 607 3487 monstrailla
616 3424 828 3485 careanteuime
838 3424 977 3483 rationali.

59 3507 143 3567 Retio
153 3507 264 3567 iliorum
278 3516 330 3582 eat,
344 3508 420 3589 quod
430 3507 611 3568 formafoetuis
622 3508 737 3567 humaui
747 3508 775 3564 iu
787 3513 866 3565 utero
877 3507 979 3575 matris,

54 3589 120 3647 oiim
133 3589 226 3648 edbuc
236 3589 326 3649 mollis
338 3599 367 3648 et
380 3589 512 3650 flexibilis
524 3597 567 3648 eat
589 3587 649 3667 ejus
662 3587 788 3656 materia,
812 3587 879 3666 quia
889 3584 979 3644 doior-

55 3670 122 3729 mari
141 3681 170 3732 et
179 3672 326 3747 immutari,
335 3674 421 3752 possit
431 3691 470 3731 ex
485 3669 646 3731 vehementi
658 3670 751 3748 aliqua
765 3669 859 3728 matria
872 3667 971 3743 imagi·
