2130 3990
109 196 165 258 112
495 213 671 260 nnacrarns

107 384 110 389 ·
145 362 213 431 Qua
222 362 356 439 potestate
370 357 495 420 Christus
508 358 692 421 Sacramenta
703 359 844 422 instituit?

144 443 202 500 ΙΙΙ.
225 442 262 500 R.
287 440 401 520 Duplex
422 441 451 499 in
466 442 578 505 christo
590 442 743 502 secundum
757 443 787 502 S.
801 443 948 502 Thomam
963 462 1023 503 eon·

104 521 253 582 sideranda
265 524 308 581 est
320 528 457 602 potestas:
479 542 535 582 una
554 524 661 583 scilieet
684 521 865 584 Autboritetis
878 542 1023 604 supreme,
1052 544 1057 601 p

82 609 167 682 ,que
191 606 218 662 ei
241 605 375 682 competit
398 604 550 664 secundum
571 602 645 684 quod
668 605 747 663 Deus
760 614 818 674 est;
837 594 895 664 alia
907 610 1022 686 potestas
1052 604 1057 713 l

105 684 255 744 Ministerii
284 684 452 763 principalis,
483 705 532 743 seu
555 684 730 749 excellentie
754 705 815 764 que
840 689 866 746 ei
894 686 1022 765 competit
1050 718 1055 791 p

102 765 254 825 secundnm
269 763 343 848 quod
356 763 441 823 homo
454 775 505 826 cst.
537 765 663 846 Utrique
676 773 815 845 potestate
828 767 913 828 simul
927 767 1019 825 Sacra·

103 855 200 905 menta
213 847 342 917 instituit,
363 843 413 904 sed
426 846 479 906 sub
493 845 747 927 diverso'respectu.
867 869 888 915 χ
1048 794 1055 967 Ι

142 925 190 986 An
204 927 332 987 Christus
345 927 528 988 Sacramenta
540 930 626 987 etiam
638 924 800 987 immediate
812 926 956 989 institnit?
1050 972 1054 989 -.

141 1007 199 1068 IV.
213 1009 250 1067 R.
262 1006 454 1080 Affirmativ'e3
470 1008 500 1068 id
513 1010 588 1068 enim
600 1010 653 1086 ipsi
666 1006 845 1088 competebat
857 1013 891 1087 ut
903 1007 1019 1070 Authari
1050 994 1061 1065 'c

99 1108 177 1148 nove
192 1090 276 1168 Legis
297 1098 327 1148 et
349 1089 445 1148 salutis
459 1096 579 1159 nosnae3
601 1084 668 1148 crim
679 1091 860 1149 Sacramenta
872 1090 929 1148 sint
942 1089 1020 1150 veluti
1049 1070 1061 1163 l,

96 1167 291 1240 fundamenta,
313 1170 414 1250 quibus
428 1169 561 1230 Ecclesia
573 1171 684 1240 nititur;
711 1168 813 1230 deinde
825 1166 854 1227 id
866 1169 958 1247 magis
970 1170 1019 1230 Sa·

99 1259 300 1390 crerpentobrum
317 1251 445 1330 dignitati
458 1251 638 1332 congruebat,
660 1259 691 1311 et
706 1270 778 1311 verae
792 1248 930 1310 Ecclesia
943 1257 1019 1312 notas
1052 1330 1061 1365 1

99 1350 151 1390 con
175 1352 232 1391 rma
252 1342 291 1392 at.
962 1380 970 1395 .
1008 1344 1014 1359 ⁸
1054 1368 1061 1409 2

111 1462 112 1466 ,
136 1411 174 1472 V.
191 1413 341 1472 Probatur:
367 1412 399 1471 Si
409 1412 530 1473 Christus
540 1417 650 1480 tantum
661 1410 841 1472 madieteilla
850 1411 1018 1480 instituisset,
1056 1412 1061 1455 '=

96 1511 147 1548 seu
168 1493 252 1554 alicui
275 1493 395 1553 dedisset
415 1494 577 1573 potestatem
600 1496 782 1553 Sacramenta
799 1491 969 1564 instituendi,
991 1493 1019 1555 id

96 1575 223 1633 maxime
244 1575 356 1635 fecisset
376 1574 534 1654 Apostolis;
572 1575 651 1654 atqui
679 1573 709 1633 bi
734 1572 937 1646 declarantes
961 1592 1034 1647 esse,

98 1651 249 1715 dumtaxat
264 1657 409 1736 Ministros
423 1666 452 1716 et
464 1655 674 1735 dispensatores,
685 1674 741 1714 non
752 1654 892 1714 Authores
908 1653 1019 1733 Myste-

96 1737 197 1796 riomm
212 1738 276 1806 Dei,
297 1744 330 1796 ut
343 1736 412 1796 dicit
425 1737 574 1817 Apostolus
591 1735 616 1797 l.
636 1735 674 1794 ad
693 1735 758 1796 Cor.
778 1753 839 1813 cap.
853 1733 884 1796 3.
907 1755 933 1793 v.
947 1735 977 1794 5.
992 1744 1020 1795 et
1059 1790 1061 1795 .

95 1836 128 1875 ca
149 1823 199 1877 .4.
213 1837 237 1878 v.
254 1819 280 1876 1.
645 1824 649 1834 “

111 1839 227 1957 [binde
242 1898 407 1957 Concilium
417 1895 616 1958 Tridentinum
628 1898 657 1957 in
669 1897 741 1956 locis
753 1897 941 1976 supra‘citatis
951 1896 1018 1957 sim·

95 1979 208 2057 pliciter
231 1978 331 2038 definit
351 1980 535 2037 Sacramenta
553 1981 572 2037 i
593 1978 704 2037 Christo
719 1997 778 2037 esse
790 1977 931 2036 instituta:
951 1996 970 2036 e
1019 1982 1022 1986 ’

93 2059 265 2120 sufficienter
294 2057 556 2135 subintelligendum
576 2060 717 2138 relinquit,
750 2056 778 2118 id
805 2061 824 2091 “
837 2057 1016 2118 immediate”

94 2139 201 2200 factum
225 2161 305 2200 esse:
331 2145 397 2221 quia
420 2142 489 2198 alias
512 2162 568 2200 non
595 2149 707 2220 possent
729 2140 888 2218 simpliciter
914 2139 973 2199 dici
998 2141 1015 2198 ri
1053 2150 1061 2158 “

94 2221 206 2283 Christo
219 2224 353 2288 institute,
375 2225 447 2281 sicut
460 2241 513 2280 non
534 2230 648 2302 possunt
661 2219 716 2279 dici
737 2221 774 2279 ab
796 2223 856 2300 ipso
875 2228 1014 2300 precepta

93 2304 262 2381 simpliciter,
283 2304 335 2361 nisi
350 2321 412 2381 quar
425 2302 587 2362 immediate
600 2303 737 2381 precepit.
1037 2316 1061 2383 fi

133 2383 243 2442 Deinde
263 2382 340 2443 idem
354 2382 519 2452 Concilium,
534 2404 601 2442 sess.
616 2382 664 2440 21.
679 2401 741 2461 cap.
754 2381 783 2440 2.
797 2378 941 2440 declarans
957 2380 1010 2441 Ec·
1035 2386 1061 2473 ᾖ

90 2464 179 2523 clesiae
213 2472 382 2543 potestatem
414 2466 486 2522 circa
523 2461 744 2529 sacramentalia,
777 2461 923 2521 limitando
955 2463 1008 2522 ait:
1034 2487 1061 2499 ··

90 2548 110 2576 “
124 2545 199 2604 salve
212 2564 308 2604 eorum
322 2543 513 2613 substantiol;'’
535 2565 600 2624 ergo
613 2549 636 2601 si
659 2544 805 2601 materiam
825 2550 875 2600 aut
896 2540 1008 2602 forman

89 2627 262 2685 essentialem
277 2635 383 2684 mutare
396 2633 525 2702 nequeat,
545 2646 597 2684 nec
609 2627 752 2683 instituere
765 2630 861 2702 potest.
1031 2646 1061 2703 .-

129 2708 176 2765 Ex
200 2706 281 2764 dictis
301 2715 389 2786 patet,
411 2706 484 2764 hanc
498 2707 674 2772 sententiam,
695 2704 762 2763 licet
776 2724 828 2762 non
843 2706 880 2762 sit
894 2703 930 2762 de
943 2702 1005 2778 fida,
1031 2742 1061 2783 Ι

85 2795 179 2846 tamen
203 2807 263 2846 esse
285 2791 398 2847 omnino
420 2795 542 2856 certam;
565 2790 642 2846 tanto
666 2787 752 2864 magis
772 2783 846 2864 quod
859 2787 947 2843 etiem
960 2785 1004 2843 ha·
1032 2802 1061 2871 fl

85 2869 213 2927 beamus.
225 2870 412 2928 institutiones
434 2867 589 2946 aliquorum
611 2869 854 2925 Sacramentorum
867 2869 885 2923 a
900 2865 1005 2926 christo
1030 2870 1061 2953 ’Ξ

83 2950 207 3022 traditae,
230 2960 263 3008 ut
277 2951 421 3030 Baptismi,
445 2949 549 3008 blatth.
566 2969 626 3027 cap.
641 2945 669 3004 3.
680 2958 708 3006 et
721 2947 770 3008 28.
788 2945 969 3005 Eucharistiae
980 2958 1005 3004 et
1031 2987 1061 3028 Ι

84 3031 200 3090 Ordinis
225 3031 301 3110 apud
332 3030 439 3089 March.
474 3029 565 3088 Marc.
588 3039 617 3088 et
645 3025 761 3101 Lucam,
782 3039 810 3085 et
832 3028 1004 3089 Paenitentia
1031 3042 1061 3109 fl

80 3114 166 3169 ¹laen.
182 3132 244 3192 cap.
258 3111 308 3174 20.
326 3132 392 3190 ergo
407 3112 483 3171 idem
497 3115 515 3167 e
537 3113 650 3190 paritate
669 3111 779 3171 rationis
795 3108 958 3191 deducimus
972 3108 1004 3169 de
1032 3127 1061 3189 ᾗ

82 3195 195 3251 canteris.
1034 3230 1061 3271 Ι

1034 3310 1061 3391 !

1032 3398 1059 3411 ,τ
