2130 3990
366 221 408 264 ns
434 221 645 266 auenaarsura
927 206 988 272 tat

52 361 97 421 N.
118 362 150 422 6.
172 363 234 424 ΑΝ
256 363 550 428 EUCHARISTIA
570 369 637 427 sn*
651 368 984 434 sncaAMuNTUM

314 446 446 509 UNUM
469 448 556 507 VEL
576 448 729 508 PLURA.
1021 452 1023 455 ’

275 647 307 709 S.
332 647 428 710 Tuom.
451 661 551 729 quaet.
576 649 623 712 73,
645 657 701 711 art.
716 653 746 710 2.

58 851 79 909 Ι.
98 851 160 911 aa
173 871 261 911 anam
272 853 367 932 specie
381 851 616 914 Sacramentum.
648 854 690 912 ΙΙ.
713 852 894 931 Βῂῗονεηίία
906 859 986 915 inter

93 952 183 992 urtam
197 941 224 990 et
247 933 370 993 alteram
397 938 530 1012 mactem,
552 934 610 993 111.
634 934 710 993 Item
725 939 806 993 inter
819 936 983 996 Eucharis-

91 1017 165 1073 tiam
190 1021 220 1073 et
238 1014 334 1074 cilum
348 1015 540 1094 corporalem.
562 1014 617 1075 IV.
645 1016 839 1076 Eucharistia
861 1036 982 1077 numero

61 1142 65 1151 .
87 1093 320 1176 multiplicatur,
342 1095 382 1155 V.
404 1094 466 1154 Per
485 1097 783 1175 plareorefeotioaee.

59 1290 62 1297 ·
88 1253 114 1314 L
136 1256 234 1316 Ruso.
250 1257 429 1319 Eucharistia
442 1258 495 1317 sub
508 1261 600 1337 specio
616 1259 701 1318 Pania
714 1266 744 1318 et
758 1258 826 1316 Vini
839 1266 882 1316 est
891 1276 982 1317 unum

50 1339 142 1415 macie
155 1341 367 1398 Sacramentum
379 1363 386 1411 ;
409 1339 477 1399 licet
490 1343 565 1398 enim
579 1340 696 1420 physice
709 1347 737 1400 et
746 1339 926 1398 materialiter
939 1339 982 1398 di·

48 1435 134 1478 rarum
146 1422 204 1480 sint
216 1422 333 1499 species,
352 1419 422 1479 illud
435 1430 529 1479 tamon
545 1422 618 1500 quod
626 1430 675 1481 ‘est
689 1418 751 1480 Rea
765 1428 795 1479 et
810 1423 981 1479 Sacramen-

48 1502 111 1558 hm
124 1500 224 1572 simul,
236 1500 343 1562 scilicet
350 1501 462 1581 Corpus
471 1504 627 1580 etSanguis
637 1502 752 1574 Christi,
764 1504 919 1560 continetur
928 1501 979 1558 sub

48 1588 168 1662 utraque
179 1583 294 1661 spacia:
314 1581 443 1661 adeoquo
458 1583 511 1641 hoc
525 1585 737 1642 Sacramentum
751 1581 831 1662 aeque
843 1583 896 1640 sub
911 1600 978 1648 uua,

48 1664 145 1721 acsub
159 1662 247 1722 altera
260 1664 357 1742 specio
378 1663 498 1722 eandem
522 1663 675 1723 formaliter
693 1662 779 1723 habet
799 1662 979 1740 significatio·

48 1760 124 1816 uam,
133 1743 324 1823 eumdemque
336 1743 469 1804 effectum
479 1745 633 1825 spiritualis
647 1744 813 1804 refectionis.
836 1742 913 1802 Vide
922 1741 978 1800 Ca·

48 1822 125 1884 iouh.
147 1825 233 1884 Rom
255 1833 334 1904 parto
346 1824 377 1885 2.
389 1825 478 1885 Num.
503 1828 548 1886 10.
570 1827 605 1884 de
624 1826 829 1885 Eacltort'atia.

56 1940 60 1947 -
89 1904 164 1984 Obj.
185 1905 367 1966 Eucharistia
385 1906 437 1966 sub
451 1910 544 1988 specio
557 1907 644 1966 Panis
654 1914 802 1966 estvorum
813 1905 978 1976 Sacramen-

48 1988 111 2125 ίάιιὲιὶ
124 1995 155 2046 ot
167 1985 294 2046 similitor
305 1986 356 2047 sub
369 1991 464 2068 specie
477 1989 563 2059 Vini3
579 1989 659 2068 atqui
669 2007 726 2046 non
740 1993 781 2046 est
790 1985 885 2045 idem:
904 2003 979 2066 ergo,

93 2146 232 2206 Probatur
244 2151 354 2206 minor:
375 2151 440 2228 quia
459 2158 523 2208 sunt
537 2150 616 2230 plura
638 2156 667 2211 et
680 2149 789 2208 diversa
797 2148 893 2226 signa:
909 2165 977 2225 ergo

52 2236 117 2288 sunt
127 2227 208 2308 plura
220 2236 249 2288 et
262 2229 369 2289 diversa
382 2233 573 2290 Sacramenta.

93 2309 133 2368 R.
158 2310 230 2368 Dia.
251 2320 428 2391 assumptum
454 2313 640 2391 probationis:
660 2320 726 2370 aunt
738 2312 818 2390 plura
840 2318 870 2367 et
893 2307 979 2368 divor·

52 2391 175 2468 moigne
187 2390 384 2463 materialiter,
397 2412 477 2454 conc.
486 2402 661 2471 assumptum
673 2414 679 2450 :
685 2391 872 2471 formaliter,
886 2408 976 2468 nego:

52 2471 103 2529 ista
115 2472 191 2531 enim
205 2473 285 2549 signa
301 2471 466 2533 ordinantur
479 2473 515 2532 ad
530 2473 746 2552 significandum
754 2492 844 2532 unum
860 2469 979 2543 otidum

55 2549 219 2610 Convivium
234 2553 392 2633 spirituale:
412 2555 488 2614 uode
501 2575 539 2613 ex
553 2555 617 2622 hoc,
634 2557 675 2612 uti
688 2556 775 2612 etiam
789 2574 827 2611 ex
842 2573 886 2619 eo,
902 2551 980 2631 quod

55 2633 167 2692 marom
180 2641 209 2692 et
220 2632 312 2692 forma
326 2635 549 2695 consecrationis
558 2637 594 2694 sit
604 2634 721 2713 duplex,
748 2654 801 2693 non
813 2642 905 2713 potest
915 2632 978 2712 plus

54 2713 148 2851 {raheri
161 2733 212 2772 seu
225 2714 327 2787 inferri,
342 2718 397 2775 uisi
407 2717 480 2796 quod
493 2717 577 2796 plura
583 2719 639 2776 sint
646 2717 830 2774 Sacramenta
836 2717 977 2772 materia·

66 2797 125 2853 iter.

61 2910 64 2915 ·
89 2875 139 2935 An
154 2895 221 2953 ergo
231 2878 305 2935 inter
316 2878 524 2938 Eucharistiam
536 2878 590 2937 sub
600 2885 693 2938 unaet
706 2877 794 2936 altera
803 2877 898 2955 specie
910 2873 975 2933 uul-

55 2955 107 3015 lum
123 2965 166 3014 est
179 2957 348 3016 discrimen?

90 3039 133 3096 11.
155 3038 193 3096 R.
217 3037 254 3093 1⁰·
272 3041 326 3098 Est
338 3039 487 3098 discrimen
500 3039 651 3098 materiola
665 3039 758 3119 quoad
769 3043 844 3118 ipsas
857 3038 978 3117 species;

54 3120 129 3197 sigua
144 3138 247 3196 nempe
259 3128 324 3177 sunt
338 3121 516 3180 materialiter
530 3121 645 3190 diversa,
660 3131 692 3178 ut
705 3120 810 3179 dictum
825 3130 875 3177 est.

88 3199 131 3255 2⁰·
148 3201 306 3258 Discrimeo
318 3210 360 3261 eet
368 3200 593 3273 etiamsormale,
604 3202 654 3260 sed
665 3199 840 3260 accidentale
850 3199 978 3260 tautum:

53 3282 231 3355 consistitque
244 3282 273 3338 in
299 3281 422 3340 duobus:
448 3283 485 3339 1⁰·
506 3282 580 3360 quod
605 3281 785 3342 Eucharistia
807 3281 858 3339 sub
885 3281 980 3359 specie

52 3362 136 3420 Panis
143 3363 265 3435 directo,
275 3382 323 3419 seu
332 3383 370 3422 ex
385 3365 410 3421 vi
421 3363 576 3432 vorborum,
590 3370 697 3423 tantum
711 3366 856 3421 contineat
869 3361 979 3440 Corpus

52 3442 166 3515 Christi,
186 3443 243 3501 ete
258 3463 387 3503 converso
399 3444 451 3503 sub
465 3448 558 3523 specie
579 3444 648 3504 Vini
665 3445 834 3520 Sanguinem
849 3442 979 3510 tantum

49 3523 120 3582 licet
135 3524 281 3583 indirecte
295 3545 344 3582 seu
360 3529 580 3584 concomitanter
594 3524 646 3583 sub
656 3525 764 3601 singula
784 3526 878 3603 specie
890 3531 982 3583 totum

51 3605 238 3666 contueatur.
259 3605 302 3664 2⁰»
315 3605 404 3677 Quod
432 3606 612 3669 Eucharistia
632 3606 684 3665 sub
697 3607 792 3686 specie
807 3604 891 3664 Panis
904 3604 981 3682 spiri·
