2130 3990
85 159 144 218 414
453 162 643 220 'ammanus

86 326 208 403 negotia,
230 320 283 378 etsi
295 336 345 398 per
356 337 391 377 ea
404 319 516 382 accidat
534 321 598 382 talis
621 321 804 400 impotentia,
826 339 895 397 ag.
913 302 1009 401 {ariga-

85 409 190 468 tionem
204 402 246 462 vel
259 400 342 459 aliam
364 399 573 478 profectionem,
593 404 677 462 etiam
691 401 848 540 adffipartcs,
870 400 921 459 ubi
937 401 1012 461 lllisu

90 487 181 547 audiri
208 482 304 561 aliquo
331 489 454 561 tempore
480 505 536 544 non
551 485 667 564 poterit;
689 504 721 542 su
755 487 805 554 cit,
827 484 851 540 si
867 481 1014 556 faciantid,

89 567 168 648 quod
193 564 251 624 istis
272 563 341 622 locis
367 572 494 641 possunt,
513 564 624 644 adque
646 563 727 644 justa
746 563 786 622 de
811 583 902 622 causa
915 561 1015 642 proiecti

89 646 182 708 sunt.''

132 730 163 787 Si
177 731 236 786 sine
255 724 330 804 justa
342 743 428 783 causa
440 725 572 805 navigent
585 733 635 785 aut
651 725 756 804 degant
771 728 801 786 in
817 725 904 798 locis,
925 726 955 783 in
968 729 1015 803 qui·

90 812 143 868 bus
172 809 250 867 nulla
277 804 432 864 celebratur
445 807 545 876 Missa,
566 827 623 867 non
647 816 830 882 excusantur,
853 805 908 865 sed
923 809 1016 867 suntin

92 894 223 952 continuo
237 893 351 966 peccato
365 887 483 962 mortali,
503 887 593 948 donec
606 887 642 948 ed
657 887 822 948 Catholicos
837 888 966 947 redeant.

133 971 190 1028 Ill.
208 969 378 1047 lmpotentia
391 969 539 1046 spiritualis
553 968 612 1028 fere
627 971 754 1050 provenit
766 989 807 1028 ex
822 989 957 1038 censura,
971 971 1016 1046 qui

90 1055 155 1132 quis
169 1053 187 1107 a
203 1050 293 1108 Missa
306 1048 447 1106 audienda
460 1051 625 1129 impeditur:
646 1050 713 1109 hinc
727 1060 913 1110 excusantur
925 1050 1018 1117 fideles,

89 1136 112 1192 si
128 1132 219 1190 nullus
234 1129 308 1188 adsit
321 1129 456 1188 Sacerdos
471 1132 522 1189 nisi
546 1131 711 1191 interdictus
725 1140 777 1191 aut
788 1134 963 1190 nominatim
975 1148 1017 1188 ex·

94 1214 330 1282 communicatus,
344 1217 426 1286 prout
439 1213 523 1270 ctiam
534 1219 704 1272 excusantur
717 1215 752 1270 ab
762 1214 916 1272 auditione
931 1212 1020 1270 Missa

90 1295 328 1353 excommunicati
352 1300 401 1348 aut
423 1292 572 1359 interdicti,
593 1295 616 1351 si
639 1314 688 1373 per
707 1296 783 1372 ipsos
797 1315 857 1354 non
871 1301 938 1360 stet,
960 1312 1019 1371 quo·

90 1378 183 1435 minus
197 1371 399 1432 absolutionem
414 1374 541 1453 accipere
555 1376 678 1452 possint:
702 1376 727 1432 si
739 1386 839 1433 autem
860 1394 1019 1433 excommu-

90 1459 200 1515 nicatus
213 1462 260 1513 aut
272 1451 434 1512 interdictus
448 1457 535 1533 possit
544 1455 742 1515 absolutionem
756 1456 810 1515 sibi
825 1475 983 1534 procurare,
996 1464 1020 1512 et

90 1536 223 1615 negligat,
245 1555 283 1592 ax
310 1536 437 1597 omnium
464 1539 601 1594 sententia
614 1544 714 1616 peccat
739 1545 838 1596 contra
854 1536 1015 1595 charitatem

94 1626 220 1695 respectu
233 1616 275 1673 sui
291 1616 384 1693 ipsius,
403 1623 539 1694 quatenus
562 1637 610 1696 per
621 1619 698 1677 illam
720 1617 924 1696 negligentiam
939 1637 969 1676 sc
981 1635 1020 1676 vo

90 1698 211 1759 tantane
238 1698 326 1775 privat
338 1695 474 1775 suffragiis
499 1699 641 1766 Ecclesia,
664 1698 815 1777 multisque
835 1699 902 1757 aliis
916 1698 1019 1777 spiritu·

94 1779 183 1837 alibus
197 1778 293 1845 bonis;
316 1776 417 1835 deinde
426 1778 513 1855 juxta
531 1779 746 1858 probabiliorem
762 1782 833 1838 etin
851 1782 934 1855 praxi
947 1797 1017 1838 secu·

90 1863 192 1918 riorcm
207 1860 372 1916 sententiam
386 1868 487 1937 peccat
499 1863 584 1919 etiam
608 1869 705 1919 contra
720 1860 827 1937 Legem
844 1859 1016 1921 Ecclesiasti·

92 1960 156 1998 cam
185 1939 281 1998 dicbus
310 1939 401 1997 Fastis
424 1949 453 1998 et
467 1940 628 1999 Dominicis
654 1940 786 2000 audiendi
800 1941 938 2010 Missam;
959 1946 1017 2020 quia

92 2022 140 2079 lex
157 2021 262 2099 aliquid
285 2021 447 2099 praecipiens
459 2022 544 2079 ctiam
573 2024 696 2101 praecipit
718 2023 905 2080 remotionem
919 2043 1014 2093 eorum,

96 2123 158 2179 qun
173 2101 329 2180 impediunt
341 2101 401 2178 ejus
415 2102 645 2174 observationem,
660 2104 830 2178 sisinegravi
843 2104 1015 2164 incommodo

92 2183 154 2241 tolli
169 2190 290 2260 possunt,
311 2185 382 2240 sicut
393 2184 417 2239 si
431 2185 491 2261 quis
505 2193 596 2262 posset
616 2183 721 2241 habere
734 2183 913 2256 breviarium,
935 2195 962 2243 et
975 2206 1014 2244 ne-

93 2264 217 2341 gligeret,
239 2264 348 2321 omissio
364 2262 502 2322 Horarum
512 2267 539 2322 ei
551 2266 741 2343 imputaretur.

135 2345 188 2401 IV.
204 2344 373 2421 impotentia
384 2347 495 2403 moralis
508 2354 623 2404 excusat
635 2366 690 2416 eos,
714 2347 762 2423 qui
776 2347 897 2405 Missam
913 2347 1014 2423 quidem

94 2425 221 2484 absolute
249 2425 388 2502 loquendo
402 2426 499 2483 audire
513 2435 634 2502 possunt,
654 2426 704 2484 sed
721 2447 774 2483 non
801 2429 853 2485 nisi
870 2449 935 2486 cum
953 2431 1014 2508 peri-

94 2508 169 2578 cula,
189 2505 372 2573 incommodo,
395 2507 616 2565 uutdetrimento
631 2507 744 2565 notabili
758 2510 785 2565 in
800 2508 881 2567 bonis
896 2512 1016 2589 corporis,

95 2587 178 2645 sarna
194 2597 240 2644 aut
253 2586 386 2656 fortuuae3
403 2588 456 2645 lrac
470 2589 577 2645 ratione
591 2597 762 2646 excusantur
775 2589 880 2648 infirmi
896 2594 1016 2649 timentes

95 2669 185 2726 morbi
200 2669 433 2745 aggravationem,
458 2671 525 2727 item
540 2671 764 2728 convalescentes
780 2672 914 2729 timentes
928 2672 1016 2730 recidi·
1059 2742 1061 2753 Ι

95 2770 167 2821 vam,
189 2752 253 2806 item
268 2752 290 2807 si
304 2748 404 2806 domus
430 2750 472 2808 vel
484 2769 554 2826 grex
570 2750 606 2808 ob
620 2749 723 2809 lurtum
737 2750 780 2808 vel
794 2750 919 2809 hostium
935 2755 1016 2810 incur·
1059 2758 1061 2763 '

94 2852 140 2887 sus
156 2831 244 2887 deseri
259 2839 389 2907 nequeat,
412 2832 480 2888 item
494 2831 590 2908 puella
607 2831 724 2889 honesta
736 2851 774 2888 ex
788 2830 970 2892 fornicatione
982 2853 1016 2891 sc·

95 2917 170 2969 arcta
183 2930 339 2988 pregnans3
363 2911 424 2968 baec
440 2914 536 2969 omnia
549 2920 641 2970 tamen
658 2933 713 2970 non
729 2920 794 2970 sunt
817 2913 960 2990 fingenda,
975 2913 1016 2972 sed

94 2990 211 3049 fundate
240 2991 385 3049 subsistere
409 2991 522 3063 debent,
549 2992 753 3071 prudenterque
767 2993 1017 3071 suntponderanda

94 3073 248 3129 secundum
264 3074 422 3149 gravitatem
438 3081 467 3130 ot
477 3074 749 3133 verosimilitudinem
763 3075 889 3151 periculi,
918 3077 1016 3134 incom-

94 3154 182 3222 modi,
210 3163 259 3210 aut
285 3153 442 3213 detrimenti
468 3174 620 3233 eorumque
644 3156 880 3214 circumstantias:
902 3158 942 3213 sic
956 3177 980 3214 v.
994 3176 1016 3234 g.

93 3236 223 3291 imbrium
239 3238 328 3312 copia,
351 3254 413 3313 quae
423 3233 557 3293 feminam
568 3256 625 3293 una
637 3236 719 3295 leuca
732 3237 749 3291 a
760 3235 864 3314 templo
876 3235 1016 3294 distantem

94 3324 222 3384 excusat,
248 3336 301 3372 non
318 3317 410 3373 statim
440 3316 590 3376 excusabit
604 3320 736 3376 rusticum
750 3316 893 3375 robustum
909 3326 938 3377 et
952 3318 1017 3378 aeris

92 3396 279 3455 inclementiae
294 3401 444 3459 assuetum.
