<?xml version="1.0" encoding="UTF-8"?>
<!DOCTYPE html PUBLIC "-//W3C//DTD XHTML 1.0 Transitional//EN"
    "http://www.w3.org/TR/xhtml1/DTD/xhtml1-transitional.dtd">
<html xmlns="http://www.w3.org/1999/xhtml" xml:lang="en" lang="en">
 <head>
  <title>
</title>
<meta http-equiv="Content-Type" content="text/html;charset=utf-8" />
  <meta name='ocr-system' content='tesseract 3.04.00' />
  <meta name='ocr-capabilities' content='ocr_page ocr_carea ocr_par ocr_line ocrx_word'/>
</head>
<body>
  <div class='ocr_page' id='page_1' title='image "./theologiamorali02densgoog_0416.png"; bbox 0 0 2130 3990; ppageno 0'>
   <div class='ocr_carea' id='block_1_1' title="bbox 350 202 991 273">
    <p class='ocr_par' dir='ltr' id='par_1_1' title="bbox 350 202 991 273">
     <span class='ocr_line' id='line_1_1' title="bbox 350 202 991 273; baseline 0.002 -11"><span class='ocrx_word' id='word_1_1' title='bbox 350 223 391 262; x_wconf 81' lang='lat' dir='ltr'><strong>ne</strong></span> <span class='ocrx_word' id='word_1_2' title='bbox 412 222 586 265; x_wconf 83' lang='lat' dir='ltr'><strong>eacarrrcro</strong></span> <span class='ocrx_word' id='word_1_3' title='bbox 610 221 715 265; x_wconf 72' lang='lat' dir='ltr'><strong>arrasa.</strong></span> <span class='ocrx_word' id='word_1_4' title='bbox 930 202 991 273; x_wconf 69' lang='lat' dir='ltr'><strong>foll</strong></span> 
     </span>
    </p>
   </div>
   <div class='ocr_carea' id='block_1_2' title="bbox 48 363 994 2459">
    <p class='ocr_par' dir='ltr' id='par_1_2' title="bbox 48 363 994 912">
     <span class='ocr_line' id='line_1_2' title="bbox 56 363 994 448; baseline -0.002 -23"><span class='ocrx_word' id='word_1_5' title='bbox 56 369 84 425; x_wconf 91' lang='lat' dir='ltr'><strong>in</strong></span> <span class='ocrx_word' id='word_1_6' title='bbox 101 388 157 448; x_wconf 90' lang='lat' dir='ltr'><strong>qua</strong></span> <span class='ocrx_word' id='word_1_7' title='bbox 170 366 332 436; x_wconf 86' lang='lat' dir='ltr'><strong>celebratur,</strong></span> <span class='ocrx_word' id='word_1_8' title='bbox 352 386 409 424; x_wconf 89' lang='lat' dir='ltr'><strong>non</strong></span> <span class='ocrx_word' id='word_1_9' title='bbox 424 368 518 445; x_wconf 88' lang='lat' dir='ltr'><strong>capiat</strong></span> <span class='ocrx_word' id='word_1_10' title='bbox 544 374 631 425; x_wconf 88' lang='lat' dir='ltr'><strong>totam</strong></span> <span class='ocrx_word' id='word_1_11' title='bbox 662 364 878 437; x_wconf 80' lang='lat' dir='ltr'><strong>multitudinem,</strong></span> <span class='ocrx_word' id='word_1_12' title='bbox 906 363 994 424; x_wconf 82' lang='lat' dir='ltr'><strong>modd</strong></span> 
     </span>
     <span class='ocr_line' id='line_1_3' title="bbox 55 447 991 525; baseline -0.012 -17"><span class='ocrx_word' id='word_1_13' title='bbox 55 459 153 508; x_wconf 80' lang='lat' dir='ltr'><strong>tamen</strong></span> <span class='ocrx_word' id='word_1_14' title='bbox 169 449 202 507; x_wconf 91' lang='lat' dir='ltr'><strong>ad</strong></span> <span class='ocrx_word' id='word_1_15' title='bbox 220 447 405 506; x_wconf 83' lang='lat' dir='ltr'><strong>multudinem</strong></span> <span class='ocrx_word' id='word_1_16' title='bbox 417 451 604 507; x_wconf 82' lang='lat' dir='ltr'><strong>assistentium</strong></span> <span class='ocrx_word' id='word_1_17' title='bbox 618 448 757 506; x_wconf 85' lang='lat' dir='ltr'><strong>moraliter</strong></span> <span class='ocrx_word' id='word_1_18' title='bbox 770 450 908 525; x_wconf 82' lang='lat' dir='ltr'><strong>pertinere</strong></span> <span class='ocrx_word' id='word_1_19' title='bbox 922 462 991 505; x_wconf 84' lang='lat' dir='ltr'><strong>cen.</strong></span> 
     </span>
     <span class='ocr_line' id='line_1_4' title="bbox 54 528 991 609; baseline 0.002 -23"><span class='ocrx_word' id='word_1_20' title='bbox 54 538 159 597; x_wconf 84' lang='lat' dir='ltr'><strong>seatnr,</strong></span> <span class='ocrx_word' id='word_1_21' title='bbox 175 533 255 609; x_wconf 87' lang='lat' dir='ltr'><strong>sique</strong></span> <span class='ocrx_word' id='word_1_22' title='bbox 266 550 321 588; x_wconf 92' lang='lat' dir='ltr'><strong>non</strong></span> <span class='ocrx_word' id='word_1_23' title='bbox 333 528 420 586; x_wconf 90' lang='lat' dir='ltr'><strong>nimio</strong></span> <span class='ocrx_word' id='word_1_24' title='bbox 430 528 466 585; x_wconf 89' lang='lat' dir='ltr'><strong>ab</strong></span> <span class='ocrx_word' id='word_1_25' title='bbox 477 549 510 586; x_wconf 92' lang='lat' dir='ltr'><strong>eo</strong></span> <span class='ocrx_word' id='word_1_26' title='bbox 523 530 666 587; x_wconf 87' lang='lat' dir='ltr'><strong>intervallo</strong></span> <span class='ocrx_word' id='word_1_27' title='bbox 681 531 779 587; x_wconf 86' lang='lat' dir='ltr'><strong>distet:</strong></span> <span class='ocrx_word' id='word_1_28' title='bbox 794 537 890 601; x_wconf 79' lang='lat' dir='ltr'><strong>eontra</strong></span> <span class='ocrx_word' id='word_1_29' title='bbox 902 535 991 604; x_wconf 81' lang='lat' dir='ltr'><strong>potest</strong></span> 
     </span>
     <span class='ocr_line' id='line_1_5' title="bbox 52 607 989 690; baseline -0.003 -23"><span class='ocrx_word' id='word_1_30' title='bbox 52 609 158 690; x_wconf 87' lang='lat' dir='ltr'><strong>aliquis</strong></span> <span class='ocrx_word' id='word_1_31' title='bbox 184 633 238 669; x_wconf 90' lang='lat' dir='ltr'><strong>non</strong></span> <span class='ocrx_word' id='word_1_32' title='bbox 254 631 313 668; x_wconf 89' lang='lat' dir='ltr'><strong>esse</strong></span> <span class='ocrx_word' id='word_1_33' title='bbox 328 630 455 688; x_wconf 74' lang='lat' dir='ltr'><strong>presens,</strong></span> <span class='ocrx_word' id='word_1_34' title='bbox 484 609 551 668; x_wconf 76' lang='lat' dir='ltr'><strong>licet</strong></span> <span class='ocrx_word' id='word_1_35' title='bbox 565 615 693 688; x_wconf 77' lang='lat' dir='ltr'><strong>parr&#39;rmd</strong></span> <span class='ocrx_word' id='word_1_36' title='bbox 718 609 871 667; x_wconf 84' lang='lat' dir='ltr'><strong>Sacerdote</strong></span> <span class='ocrx_word' id='word_1_37' title='bbox 893 607 989 682; x_wconf 86' lang='lat' dir='ltr'><strong>distet,</strong></span> 
     </span>
     <span class='ocr_line' id='line_1_6' title="bbox 50 690 989 770; baseline -0.004 -20"><span class='ocrx_word' id='word_1_38' title='bbox 50 710 76 747; x_wconf 86' lang='lat' dir='ltr'><strong>v.</strong></span> <span class='ocrx_word' id='word_1_39' title='bbox 93 712 121 770; x_wconf 88' lang='lat' dir='ltr'><strong>g.</strong></span> <span class='ocrx_word' id='word_1_40' title='bbox 132 694 288 750; x_wconf 79' lang='lat' dir='ltr'><strong>existensin</strong></span> <span class='ocrx_word' id='word_1_41' title='bbox 299 693 389 748; x_wconf 90' lang='lat' dir='ltr'><strong>vicina</strong></span> <span class='ocrx_word' id='word_1_42' title='bbox 400 690 502 751; x_wconf 89' lang='lat' dir='ltr'><strong>domo:</strong></span> <span class='ocrx_word' id='word_1_43' title='bbox 517 698 640 749; x_wconf 88' lang='lat' dir='ltr'><strong>attamen</strong></span> <span class='ocrx_word' id='word_1_44' title='bbox 655 691 833 756; x_wconf 82' lang='lat' dir='ltr'><strong>satisfaceret,</strong></span> <span class='ocrx_word' id='word_1_45' title='bbox 849 691 897 768; x_wconf 91' lang='lat' dir='ltr'><strong>qui</strong></span> <span class='ocrx_word' id='word_1_46' title='bbox 910 690 927 748; x_wconf 74' lang='grc' dir='ltr'>ὲ</span> <span class='ocrx_word' id='word_1_47' title='bbox 941 709 989 746; x_wconf 86' lang='lat' dir='ltr'><strong>cu·</strong></span> 
     </span>
     <span class='ocr_line' id='line_1_7' title="bbox 49 769 989 851; baseline 0.001 -23"><span class='ocrx_word' id='word_1_48' title='bbox 49 770 152 832; x_wconf 89' lang='lat' dir='ltr'><strong>biculo</strong></span> <span class='ocrx_word' id='word_1_49' title='bbox 179 773 313 831; x_wconf 80' lang='lat' dir='ltr'><strong>Ecclesiae</strong></span> <span class='ocrx_word' id='word_1_50' title='bbox 329 772 458 849; x_wconf 84' lang='lat' dir='ltr'><strong>contiguo</strong></span> <span class='ocrx_word' id='word_1_51' title='bbox 479 792 528 851; x_wconf 89' lang='lat' dir='ltr'><strong>par</strong></span> <span class='ocrx_word' id='word_1_52' title='bbox 541 771 680 830; x_wconf 86' lang='lat' dir='ltr'><strong>caucellos</strong></span> <span class='ocrx_word' id='word_1_53' title='bbox 693 781 741 830; x_wconf 90' lang='lat' dir='ltr'><strong>aut</strong></span> <span class='ocrx_word' id='word_1_54' title='bbox 754 771 902 831; x_wconf 83' lang='lat' dir='ltr'><strong>fenestram</strong></span> <span class='ocrx_word' id='word_1_55' title='bbox 918 769 989 830; x_wconf 82' lang='lat' dir='ltr'><strong>Mis·</strong></span> 
     </span>
     <span class='ocr_line' id='line_1_8' title="bbox 48 854 216 912; baseline 0 -1"><span class='ocrx_word' id='word_1_56' title='bbox 48 873 114 912; x_wconf 86' lang='lat' dir='ltr'><strong>sam</strong></span> <span class='ocrx_word' id='word_1_57' title='bbox 128 854 216 912; x_wconf 87' lang='lat' dir='ltr'><strong>audit.</strong></span> 
     </span>
    </p>

    <p class='ocr_par' dir='ltr' id='par_1_3' title="bbox 48 931 989 1172">
     <span class='ocr_line' id='line_1_9' title="bbox 58 931 989 1013; baseline -0.003 -21"><span class='ocrx_word' id='word_1_58' title='bbox 58 956 76 1000; x_wconf 87' lang='lat'><strong>&#39;.</strong></span> <span class='ocrx_word' id='word_1_59' title='bbox 97 934 150 994; x_wconf 85' lang='lat' dir='ltr'><strong>Ex</strong></span> <span class='ocrx_word' id='word_1_60' title='bbox 177 934 278 1010; x_wconf 88' lang='lat' dir='ltr'><strong>quibus</strong></span> <span class='ocrx_word' id='word_1_61' title='bbox 306 934 442 1010; x_wconf 82' lang='lat' dir='ltr'><strong>sequitur,</strong></span> <span class='ocrx_word' id='word_1_62' title='bbox 461 952 548 991; x_wconf 86' lang='lat' dir='ltr'><strong>caeeos</strong></span> <span class='ocrx_word' id='word_1_63' title='bbox 576 954 609 991; x_wconf 89' lang='lat' dir='ltr'><strong>ac</strong></span> <span class='ocrx_word' id='word_1_64' title='bbox 638 932 839 1013; x_wconf 74' lang='lat' dir='ltr'><strong>surdosposse‚</strong></span> <span class='ocrx_word' id='word_1_65' title='bbox 861 931 989 1012; x_wconf 80' lang='lat' dir='ltr'><strong>adeoque</strong></span> 
     </span>
     <span class='ocr_line' id='line_1_10' title="bbox 48 1012 988 1092; baseline 0.002 -21"><span class='ocrx_word' id='word_1_66' title='bbox 48 1015 147 1074; x_wconf 79' lang='lat' dir='ltr'><strong>teneri</strong></span> <span class='ocrx_word' id='word_1_67' title='bbox 176 1015 292 1073; x_wconf 83' lang='lat' dir='ltr'><strong>Mi-sam</strong></span> <span class='ocrx_word' id='word_1_68' title='bbox 308 1014 416 1079; x_wconf 85' lang='lat' dir='ltr'><strong>audire,</strong></span> <span class='ocrx_word' id='word_1_69' title='bbox 427 1015 462 1070; x_wconf 85' lang='lat' dir='ltr'><strong>¹si</strong></span> <span class='ocrx_word' id='word_1_70' title='bbox 477 1034 577 1092; x_wconf 85' lang='lat' dir='ltr'><strong>nempe</strong></span> <span class='ocrx_word' id='word_1_71' title='bbox 603 1017 699 1092; x_wconf 82' lang='lat' dir='ltr'><strong>sintin</strong></span> <span class='ocrx_word' id='word_1_72' title='bbox 714 1015 785 1085; x_wconf 90' lang='lat' dir='ltr'><strong>loco,</strong></span> <span class='ocrx_word' id='word_1_73' title='bbox 807 1012 889 1082; x_wconf 88' lang='lat' dir='ltr'><strong>unde,</strong></span> <span class='ocrx_word' id='word_1_74' title='bbox 911 1016 988 1073; x_wconf 86' lang='lat' dir='ltr'><strong>rasti·</strong></span> 
     </span>
     <span class='ocr_line' id='line_1_11' title="bbox 48 1094 805 1172; baseline 0.003 -19"><span class='ocrx_word' id='word_1_75' title='bbox 48 1099 123 1154; x_wconf 79' lang='lat' dir='ltr'><strong>tutis</strong></span> <span class='ocrx_word' id='word_1_76' title='bbox 137 1095 273 1167; x_wconf 86' lang='lat' dir='ltr'><strong>sensibus,</strong></span> <span class='ocrx_word' id='word_1_77' title='bbox 287 1095 383 1151; x_wconf 90' lang='lat' dir='ltr'><strong>audire</strong></span> <span class='ocrx_word' id='word_1_78' title='bbox 397 1103 426 1152; x_wconf 87' lang='lat' dir='ltr'><strong>et</strong></span> <span class='ocrx_word' id='word_1_79' title='bbox 439 1094 530 1152; x_wconf 84' lang='lat' dir='ltr'><strong>videre</strong></span> <span class='ocrx_word' id='word_1_80' title='bbox 542 1098 734 1172; x_wconf 78' lang='lat' dir='ltr'><strong>possentsicut</strong></span> <span class='ocrx_word' id='word_1_81' title='bbox 747 1095 805 1155; x_wconf 86' lang='lat' dir='ltr'><strong>alil.</strong></span> 
     </span>
    </p>

    <p class='ocr_par' dir='ltr' id='par_1_4' title="bbox 96 1175 656 1254">
     <span class='ocr_line' id='line_1_12' title="bbox 96 1175 656 1254; baseline 0 -22"><span class='ocrx_word' id='word_1_82' title='bbox 96 1177 176 1244; x_wconf 78' lang='lat' dir='ltr'><strong>Quid</strong></span> <span class='ocrx_word' id='word_1_83' title='bbox 191 1179 323 1252; x_wconf 89' lang='lat' dir='ltr'><strong>importat</strong></span> <span class='ocrx_word' id='word_1_84' title='bbox 333 1176 479 1254; x_wconf 80' lang='lat' dir='ltr'><strong>praesentia</strong></span> <span class='ocrx_word' id='word_1_85' title='bbox 496 1175 656 1253; x_wconf 81' lang='lat' dir='ltr'><strong>Religiosa?</strong></span> 
     </span>
    </p>

    <p class='ocr_par' dir='ltr' id='par_1_5' title="bbox 48 1255 988 1638">
     <span class='ocr_line' id='line_1_13' title="bbox 95 1255 988 1325; baseline 0 -11"><span class='ocrx_word' id='word_1_86' title='bbox 95 1258 153 1315; x_wconf 91' lang='lat' dir='ltr'><strong>IV.</strong></span> <span class='ocrx_word' id='word_1_87' title='bbox 179 1258 214 1314; x_wconf 89' lang='lat' dir='ltr'><strong>R.</strong></span> <span class='ocrx_word' id='word_1_88' title='bbox 238 1257 311 1314; x_wconf 87' lang='lat' dir='ltr'><strong>Haec</strong></span> <span class='ocrx_word' id='word_1_89' title='bbox 336 1257 410 1314; x_wconf 87' lang='lat' dir='ltr'><strong>duo:</strong></span> <span class='ocrx_word' id='word_1_90' title='bbox 442 1255 481 1312; x_wconf 87' lang='lat'><strong>1⁰·</strong></span> <span class='ocrx_word' id='word_1_91' title='bbox 502 1263 684 1320; x_wconf 82' lang='lat' dir='ltr'><strong>reverentiam</strong></span> <span class='ocrx_word' id='word_1_92' title='bbox 706 1260 890 1325; x_wconf 81' lang='lat' dir='ltr'><strong>exteriorem3</strong></span> <span class='ocrx_word' id='word_1_93' title='bbox 911 1255 988 1314; x_wconf 90' lang='lat' dir='ltr'><strong>unde</strong></span> 
     </span>
     <span class='ocr_line' id='line_1_14' title="bbox 49 1336 988 1417; baseline 0 -23"><span class='ocrx_word' id='word_1_94' title='bbox 49 1342 182 1416; x_wconf 81' lang='lat' dir='ltr'><strong>tempere</strong></span> <span class='ocrx_word' id='word_1_95' title='bbox 210 1337 308 1395; x_wconf 83' lang='lat' dir='ltr'><strong>Missae</strong></span> <span class='ocrx_word' id='word_1_96' title='bbox 335 1337 513 1417; x_wconf 84' lang='lat' dir='ltr'><strong>obligationis</strong></span> <span class='ocrx_word' id='word_1_97' title='bbox 549 1336 772 1404; x_wconf 85' lang='lat' dir='ltr'><strong>confabulantes,</strong></span> <span class='ocrx_word' id='word_1_98' title='bbox 809 1336 988 1409; x_wconf 87' lang='lat' dir='ltr'><strong>corridenles,</strong></span> 
     </span>
     <span class='ocr_line' id='line_1_15' title="bbox 49 1420 988 1498; baseline 0.002 -24"><span class='ocrx_word' id='word_1_99' title='bbox 49 1420 154 1478; x_wconf 89' lang='lat' dir='ltr'><strong>oculos</strong></span> <span class='ocrx_word' id='word_1_100' title='bbox 178 1424 398 1498; x_wconf 85' lang='lat' dir='ltr'><strong>quaquaversum</strong></span> <span class='ocrx_word' id='word_1_101' title='bbox 414 1425 602 1476; x_wconf 81' lang='lat' dir='ltr'><strong>convertentes</strong></span> <span class='ocrx_word' id='word_1_102' title='bbox 626 1421 742 1478; x_wconf 88' lang='lat' dir='ltr'><strong>reisunt</strong></span> <span class='ocrx_word' id='word_1_103' title='bbox 765 1420 988 1495; x_wconf 79' lang='lat' dir='ltr'><strong>transgressionis</strong></span> 
     </span>
     <span class='ocr_line' id='line_1_16' title="bbox 48 1497 987 1579; baseline 0.005 -26"><span class='ocrx_word' id='word_1_104' title='bbox 48 1497 139 1576; x_wconf 89' lang='lat' dir='ltr'><strong>hujus</strong></span> <span class='ocrx_word' id='word_1_105' title='bbox 154 1503 292 1579; x_wconf 72' lang='lat' dir='ltr'><strong>praecepti,</strong></span> <span class='ocrx_word' id='word_1_106' title='bbox 306 1507 336 1556; x_wconf 90' lang='lat' dir='ltr'><strong>et</strong></span> <span class='ocrx_word' id='word_1_107' title='bbox 347 1499 457 1557; x_wconf 81' lang='lat' dir='ltr'><strong>ulterir‘rs</strong></span> <span class='ocrx_word' id='word_1_108' title='bbox 468 1501 577 1578; x_wconf 86' lang='lat' dir='ltr'><strong>peccati</strong></span> <span class='ocrx_word' id='word_1_109' title='bbox 591 1502 772 1559; x_wconf 83' lang='lat' dir='ltr'><strong>irreverentiae</strong></span> <span class='ocrx_word' id='word_1_110' title='bbox 783 1521 818 1558; x_wconf 87' lang='lat' dir='ltr'><strong>ac</strong></span> <span class='ocrx_word' id='word_1_111' title='bbox 830 1502 987 1561; x_wconf 82' lang='lat' dir='ltr'><strong>communi·</strong></span> 
     </span>
     <span class='ocr_line' id='line_1_17' title="bbox 48 1580 608 1638; baseline 0.002 0"><span class='ocrx_word' id='word_1_112' title='bbox 48 1589 95 1638; x_wconf 86' lang='lat' dir='ltr'><strong>ter</strong></span> <span class='ocrx_word' id='word_1_113' title='bbox 109 1580 244 1638; x_wconf 86' lang='lat' dir='ltr'><strong>scandali.</strong></span> <span class='ocrx_word' id='word_1_114' title='bbox 605 1624 608 1630; x_wconf 83' lang='lat'><em>·</em></span> 
     </span>
    </p>

    <p class='ocr_par' dir='ltr' id='par_1_6' title="bbox 50 1660 987 2385">
     <span class='ocr_line' id='line_1_18' title="bbox 96 1660 985 1740; baseline 0.006 -24"><span class='ocrx_word' id='word_1_115' title='bbox 96 1660 126 1716; x_wconf 92' lang='lat' dir='ltr'>V</span> <span class='ocrx_word' id='word_1_116' title='bbox 151 1663 195 1719; x_wconf 82' lang='lat'><strong>2⁰·</strong></span> <span class='ocrx_word' id='word_1_117' title='bbox 213 1661 342 1740; x_wconf 81' lang='lat' dir='ltr'><strong>Requirlt</strong></span> <span class='ocrx_word' id='word_1_118' title='bbox 355 1663 493 1717; x_wconf 86' lang='lat' dir='ltr'><strong>internam</strong></span> <span class='ocrx_word' id='word_1_119' title='bbox 519 1660 792 1720; x_wconf 83' lang='lat' dir='ltr'><strong>animidovotionern</strong></span> <span class='ocrx_word' id='word_1_120' title='bbox 809 1681 857 1740; x_wconf 90' lang='lat' dir='ltr'><strong>per</strong></span> <span class='ocrx_word' id='word_1_121' title='bbox 869 1660 985 1721; x_wconf 88' lang='lat' dir='ltr'><strong>modurn</strong></span> 
     </span>
     <span class='ocr_line' id='line_1_19' title="bbox 51 1742 984 1820; baseline 0.003 -22"><span class='ocrx_word' id='word_1_122' title='bbox 51 1745 160 1800; x_wconf 85' lang='lat' dir='ltr'><strong>orantis</strong></span> <span class='ocrx_word' id='word_1_123' title='bbox 174 1750 202 1807; x_wconf 84' lang='lat' dir='ltr'><strong>et</strong></span> <span class='ocrx_word' id='word_1_124' title='bbox 213 1742 340 1807; x_wconf 71' lang='lat' dir='ltr'><strong>‚colentis</strong></span> <span class='ocrx_word' id='word_1_125' title='bbox 354 1743 467 1801; x_wconf 90' lang='lat' dir='ltr'><strong>Deum:</strong></span> <span class='ocrx_word' id='word_1_126' title='bbox 484 1743 608 1820; x_wconf 85' lang='lat' dir='ltr'><strong>praeeipit</strong></span> <span class='ocrx_word' id='word_1_127' title='bbox 623 1746 696 1803; x_wconf 86' lang='lat' dir='ltr'><strong>enirn</strong></span> <span class='ocrx_word' id='word_1_128' title='bbox 713 1744 841 1801; x_wconf 80' lang='lat' dir='ltr'><strong>Ecclesia</strong></span> <span class='ocrx_word' id='word_1_129' title='bbox 854 1764 907 1800; x_wconf 90' lang='lat' dir='ltr'><strong>non</strong></span> <span class='ocrx_word' id='word_1_130' title='bbox 924 1751 984 1801; x_wconf 83' lang='lat' dir='ltr'><strong>tan-</strong></span> 
     </span>
     <span class='ocr_line' id='line_1_20' title="bbox 50 1821 987 1901; baseline 0.006 -23"><span class='ocrx_word' id='word_1_131' title='bbox 50 1829 115 1880; x_wconf 82' lang='lat' dir='ltr'><strong>turn</strong></span> <span class='ocrx_word' id='word_1_132' title='bbox 146 1843 215 1900; x_wconf 89' lang='lat' dir='ltr'><strong>opus</strong></span> <span class='ocrx_word' id='word_1_133' title='bbox 242 1834 399 1893; x_wconf 84' lang='lat' dir='ltr'><strong>externum,</strong></span> <span class='ocrx_word' id='word_1_134' title='bbox 419 1823 466 1879; x_wconf 90' lang='lat' dir='ltr'><strong>sed</strong></span> <span class='ocrx_word' id='word_1_135' title='bbox 494 1831 522 1880; x_wconf 88' lang='lat' dir='ltr'><strong>et</strong></span> <span class='ocrx_word' id='word_1_136' title='bbox 549 1821 987 1901; x_wconf 83' lang='lat' dir='ltr'><strong>modumiuternumquodebet</strong></span> 
     </span>
     <span class='ocr_line' id='line_1_21' title="bbox 51 1902 987 1982; baseline 0.006 -22"><span class='ocrx_word' id='word_1_137' title='bbox 51 1903 123 1962; x_wconf 88' lang='lat' dir='ltr'><strong>illud</strong></span> <span class='ocrx_word' id='word_1_138' title='bbox 151 1903 278 1982; x_wconf 86' lang='lat' dir='ltr'><strong>impleri:</strong></span> <span class='ocrx_word' id='word_1_139' title='bbox 294 1905 391 1961; x_wconf 82' lang='lat' dir='ltr'><strong>merito</strong></span> <span class='ocrx_word' id='word_1_140' title='bbox 407 1905 490 1980; x_wconf 84' lang='lat' dir='ltr'><strong>igitur</strong></span> <span class='ocrx_word' id='word_1_141' title='bbox 505 1902 604 1961; x_wconf 83' lang='lat' dir='ltr'><strong>Clarus</strong></span> <span class='ocrx_word' id='word_1_142' title='bbox 619 1903 784 1962; x_wconf 88' lang='lat' dir='ltr'><strong>Gallicanus</strong></span> <span class='ocrx_word' id='word_1_143' title='bbox 798 1903 939 1963; x_wconf 80' lang='lat' dir='ltr'><strong>damnavit</strong></span> <span class='ocrx_word' id='word_1_144' title='bbox 952 1915 987 1966; x_wconf 89' lang='lat' dir='ltr'><strong>ut</strong></span> 
     </span>
     <span class='ocr_line' id='line_1_22' title="bbox 53 1984 983 2064; baseline 0.006 -24"><span class='ocrx_word' id='word_1_145' title='bbox 53 1986 240 2048; x_wconf 82' lang='lat' dir='ltr'><strong>temerariam,</strong></span> <span class='ocrx_word' id='word_1_146' title='bbox 276 1984 476 2054; x_wconf 87' lang='lat' dir='ltr'><strong>scandalosam,</strong></span> <span class='ocrx_word' id='word_1_147' title='bbox 511 2004 663 2057; x_wconf 88' lang='lat' dir='ltr'><strong>erroneam,</strong></span> <span class='ocrx_word' id='word_1_148' title='bbox 683 1987 818 2064; x_wconf 82' lang='lat' dir='ltr'><strong>impietati</strong></span> <span class='ocrx_word' id='word_1_149' title='bbox 845 1984 983 2046; x_wconf 84' lang='lat' dir='ltr'><strong>faventem</strong></span> 
     </span>
     <span class='ocr_line' id='line_1_23' title="bbox 54 2065 983 2146; baseline 0.002 -24"><span class='ocrx_word' id='word_1_150' title='bbox 54 2073 82 2122; x_wconf 84' lang='lat' dir='ltr'><strong>et</strong></span> <span class='ocrx_word' id='word_1_151' title='bbox 94 2073 234 2144; x_wconf 71' lang='lat' dir='ltr'><strong>praecepto</strong></span> <span class='ocrx_word' id='word_1_152' title='bbox 250 2066 383 2124; x_wconf 73' lang='lat' dir='ltr'><strong>Ecclesiae</strong></span> <span class='ocrx_word' id='word_1_153' title='bbox 396 2065 557 2123; x_wconf 87' lang='lat' dir='ltr'><strong>illudentem</strong></span> <span class='ocrx_word' id='word_1_154' title='bbox 574 2065 646 2123; x_wconf 87' lang='lat' dir='ltr'><strong>hanc</strong></span> <span class='ocrx_word' id='word_1_155' title='bbox 657 2066 871 2146; x_wconf 85' lang='lat' dir='ltr'><strong>propositionem</strong></span> <span class='ocrx_word' id='word_1_156' title='bbox 885 2089 891 2124; x_wconf 91' lang='lat'>:</span> <span class='ocrx_word' id='word_1_157' title='bbox 908 2065 983 2125; x_wconf 81' lang='lat' dir='ltr'><strong>Pre-</strong></span> 
     </span>
     <span class='ocr_line' id='line_1_24' title="bbox 56 2145 983 2225; baseline 0.005 -22"><span class='ocrx_word' id='word_1_158' title='bbox 56 2153 138 2222; x_wconf 80' lang='lat' dir='ltr'><strong>cepto</strong></span> <span class='ocrx_word' id='word_1_159' title='bbox 152 2145 296 2205; x_wconf 72' lang='lat' dir='ltr'><strong>Ecclesiae</strong></span> <span class='ocrx_word' id='word_1_160' title='bbox 305 2148 338 2203; x_wconf 86' lang='lat' dir='ltr'><strong>de</strong></span> <span class='ocrx_word' id='word_1_161' title='bbox 352 2146 496 2204; x_wconf 80' lang='lat' dir='ltr'><strong>audiendo</strong></span> <span class='ocrx_word' id='word_1_162' title='bbox 508 2145 598 2203; x_wconf 78' lang='lat' dir='ltr'><strong>Sucro</strong></span> <span class='ocrx_word' id='word_1_163' title='bbox 611 2148 721 2214; x_wconf 67' lang='lat' dir='ltr'><strong>aelrifit</strong></span> <span class='ocrx_word' id='word_1_164' title='bbox 729 2149 983 2225; x_wconf 70' lang='lat' dir='ltr'><strong>perseverentiam</strong></span> 
     </span>
     <span class='ocr_line' id='line_1_25' title="bbox 58 2227 985 2303; baseline 0.009 -21"><span class='ocrx_word' id='word_1_165' title='bbox 58 2230 230 2284; x_wconf 71' lang='lat' dir='ltr'><strong>exteriorem</strong></span> <span class='ocrx_word' id='word_1_166' title='bbox 244 2229 367 2299; x_wconf 76' lang='lat' dir='ltr'><strong>taretrlm,</strong></span> <span class='ocrx_word' id='word_1_167' title='bbox 382 2231 481 2285; x_wconf 77' lang='lat' dir='ltr'><strong>orrr&#39;mo</strong></span> <span class='ocrx_word' id='word_1_168' title='bbox 496 2229 569 2286; x_wconf 73' lang='lat' dir='ltr'><strong>licet</strong></span> <span class='ocrx_word' id='word_1_169' title='bbox 582 2227 744 2286; x_wconf 71' lang='lat' dir='ltr'><strong>voluntarie</strong></span> <span class='ocrx_word' id='word_1_170' title='bbox 759 2232 789 2286; x_wconf 80' lang='lat' dir='ltr'><strong>in</strong></span> <span class='ocrx_word' id='word_1_171' title='bbox 804 2228 911 2303; x_wconf 84' lang='lat' dir='ltr'><strong>aliena,</strong></span> <span class='ocrx_word' id='word_1_172' title='bbox 925 2230 985 2290; x_wconf 71' lang='lat' dir='ltr'><strong>imo</strong></span> 
     </span>
     <span class='ocr_line' id='line_1_26' title="bbox 58 2307 500 2385; baseline 0.011 -22"><span class='ocrx_word' id='word_1_173' title='bbox 58 2313 83 2364; x_wconf 90' lang='lat' dir='ltr'><strong>et</strong></span> <span class='ocrx_word' id='word_1_174' title='bbox 92 2328 192 2385; x_wconf 80' lang='lat' dir='ltr'><strong>prava</strong></span> <span class='ocrx_word' id='word_1_175' title='bbox 205 2311 383 2383; x_wconf 82' lang='lat' dir='ltr'><strong>cogitatione</strong></span> <span class='ocrx_word' id='word_1_176' title='bbox 397 2307 500 2383; x_wconf 79' lang='lat' dir='ltr'><strong>defice.</strong></span> 
     </span>
    </p>

    <p class='ocr_par' dir='ltr' id='par_1_7' title="bbox 96 2387 990 2459">
     <span class='ocr_line' id='line_1_27' title="bbox 96 2387 990 2459; baseline 0.006 -15"><span class='ocrx_word' id='word_1_177' title='bbox 96 2387 150 2446; x_wconf 85' lang='lat' dir='ltr'><strong>Vl.</strong></span> <span class='ocrx_word' id='word_1_178' title='bbox 170 2389 253 2446; x_wconf 82' lang='lat' dir='ltr'><strong>Porro</strong></span> <span class='ocrx_word' id='word_1_179' title='bbox 277 2388 326 2447; x_wconf 88' lang='lat' dir='ltr'><strong>illa</strong></span> <span class='ocrx_word' id='word_1_180' title='bbox 352 2391 463 2447; x_wconf 88' lang='lat' dir='ltr'><strong>interna</strong></span> <span class='ocrx_word' id='word_1_181' title='bbox 488 2391 573 2447; x_wconf 90' lang='lat' dir='ltr'><strong>animi</strong></span> <span class='ocrx_word' id='word_1_182' title='bbox 589 2389 696 2449; x_wconf 82' lang='lat' dir='ltr'><strong>devotio</strong></span> <span class='ocrx_word' id='word_1_183' title='bbox 711 2390 833 2449; x_wconf 88' lang='lat' dir='ltr'><strong>consistit</strong></span> <span class='ocrx_word' id='word_1_184' title='bbox 846 2391 873 2448; x_wconf 92' lang='lat' dir='ltr'><strong>in</strong></span> <span class='ocrx_word' id='word_1_185' title='bbox 889 2389 990 2459; x_wconf 65' lang='lat' dir='ltr'><strong>debila,</strong></span> 
     </span>
    </p>
   </div>
   <div class='ocr_carea' id='block_1_3' title="bbox 57 2454 1026 2624">
    <p class='ocr_par' dir='ltr' id='par_1_8' title="bbox 57 2454 1026 2624">
     <span class='ocr_line' id='line_1_28' title="bbox 58 2454 1026 2553; baseline 0.006 -28"><span class='ocrx_word' id='word_1_186' title='bbox 58 2468 194 2527; x_wconf 86' lang='lat' dir='ltr'><strong>audientis</strong></span> <span class='ocrx_word' id='word_1_187' title='bbox 221 2469 341 2536; x_wconf 86' lang='lat' dir='ltr'><strong>Missam</strong></span> <span class='ocrx_word' id='word_1_188' title='bbox 354 2470 509 2528; x_wconf 87' lang='lat' dir='ltr'><strong>intentione</strong></span> <span class='ocrx_word' id='word_1_189' title='bbox 531 2481 560 2529; x_wconf 87' lang='lat' dir='ltr'><strong>et</strong></span> <span class='ocrx_word' id='word_1_190' title='bbox 573 2473 734 2539; x_wconf 86' lang='lat' dir='ltr'><strong>attentione,</strong></span> <span class='ocrx_word' id='word_1_191' title='bbox 758 2471 793 2529; x_wconf 91' lang='lat' dir='ltr'><strong>de</strong></span> <span class='ocrx_word' id='word_1_192' title='bbox 808 2472 907 2552; x_wconf 84' lang='lat' dir='ltr'><strong>quibus</strong></span> <span class='ocrx_word' id='word_1_193' title='bbox 919 2491 983 2553; x_wconf 85' lang='lat' dir='ltr'><strong>per·</strong></span> <span class='ocrx_word' id='word_1_194' title='bbox 998 2454 1002 2459; x_wconf 31' lang='grc' dir='ltr'>Ι</span> <span class='ocrx_word' id='word_1_195' title='bbox 1023 2541 1026 2546; x_wconf 39' lang='grc'>,</span> 
     </span>
     <span class='ocr_line' id='line_1_29' title="bbox 57 2549 809 2624; baseline 0.005 -17"><span class='ocrx_word' id='word_1_196' title='bbox 57 2551 120 2608; x_wconf 87' lang='lat' dir='ltr'><strong>inde</strong></span> <span class='ocrx_word' id='word_1_197' title='bbox 131 2549 179 2608; x_wconf 82' lang='lat' dir='ltr'><strong>hic</strong></span> <span class='ocrx_word' id='word_1_198' title='bbox 193 2549 380 2611; x_wconf 86' lang='lat' dir='ltr'><strong>disserendum</strong></span> <span class='ocrx_word' id='word_1_199' title='bbox 396 2559 445 2624; x_wconf 81' lang='lat' dir='ltr'><strong>est,</strong></span> <span class='ocrx_word' id='word_1_200' title='bbox 468 2560 498 2611; x_wconf 82' lang='lat' dir='ltr'><strong>ut</strong></span> <span class='ocrx_word' id='word_1_201' title='bbox 511 2551 538 2611; x_wconf 89' lang='lat' dir='ltr'><strong>iu</strong></span> <span class='ocrx_word' id='word_1_202' title='bbox 553 2553 643 2611; x_wconf 86' lang='lat' dir='ltr'><strong>officio</strong></span> <span class='ocrx_word' id='word_1_203' title='bbox 659 2552 809 2611; x_wconf 78' lang='lat' dir='ltr'><strong>Cenouieo.</strong></span> 
     </span>
    </p>
   </div>
   <div class='ocr_carea' id='block_1_4' title="bbox 0 0 1077 3990">
    <p class='ocr_par' dir='ltr' id='par_1_9' title="bbox 0 0 1077 3990">
     <span class='ocr_line' id='line_1_30' title="bbox 0 0 1077 3990; baseline 0 0"><span class='ocrx_word' id='word_1_204' title='bbox 0 0 1077 3990; x_wconf 95' lang='lat' dir='ltr'><strong> </strong></span> 
     </span>
    </p>
   </div>
  </div>
 </body>
</html>
