2130 3990
61 167 122 227 218
304 180 504 225 orsssnrnrro
534 181 731 227 rusonoorcr

63 329 234 408 exequendis
243 327 326 407 juxto
347 336 520 405 presentem,
541 329 673 408 majorem
686 331 730 388 rel
746 329 890 422 minorem,
904 348 971 409 orgo

64 432 162 471 norum
187 410 392 487 perfectionem.
450 409 497 466 An
519 420 629 489 propter
651 409 827 504 operationes
844 411 971 473 intellecti

65 491 140 553 vos?
181 492 415 569 Sedorgsoanon
428 492 542 549 suntad
555 493 721 565 eosidonen,
741 491 853 551 merdin
860 504 972 569 postne

64 576 215 633 tiritetem:
236 571 350 630 deberet
361 592 429 650 ergo
439 592 526 649 usque
535 580 600 631 tunc
610 574 740 633 animatio
748 573 880 633 differri?
901 573 979 642 Quod

65 666 109 715 est
122 663 218 714 contro
229 652 312 712 tidem
326 652 471 726 lllcolesiae,
491 672 554 733 quae
572 654 695 733 baptizet
714 656 847 737 paruulos
874 656 972 715 rationi

65 756 147 795 usum
156 732 277 794 nondum
290 735 414 812 adeptos.

107 817 183 877 Hinc
195 816 250 874 ruit
262 815 482 874 adversariorum
505 815 637 888 Achilles,
657 826 740 894 quem
759 816 836 875 idem
858 816 973 896 egregius

66 900 204 978 Magister
213 896 327 976 proponi
328 896 528 975 tsequeutibue
540 897 649 956 verbis.
643 898 670 933 ·*
698 898 803 957 Poscit
815 900 890 958 crdo
903 905 973 959 ιιαιι·

65 1002 117 1049 roe,
138 1000 196 1059 que
208 978 243 1037 ab
258 977 439 1058 imperfectis
451 982 491 1038 ud
497 978 676 1059 'perfectiora
688 981 830 1118 procedit.
854 988 889 1039 ιιι
900 986 973 1039 mete

65 1064 111 1120 ria
124 1064 231 1120 sensim
246 1067 275 1119 et
287 1078 373 1139 quart
382 1079 440 1137 per
452 1063 575 1138 gradus,
596 1062 635 1120 ad
645 1059 778 1120 melioris
796 1060 973 1141 formentur·

65 1146 224 1222 ceptionem
234 1151 445 1219 promoveatur.

107 1222 186 1282 Istud
198 1222 272 1282 enirn
293 1231 487 1301 argumentum
505 1221 571 1283 nihil
595 1220 701 1299 probet,
728 1223 774 1281 vel
787 1222 904 1280 nimium
926 1242 973 1301 pin

65 1306 151 1364 beret

108 1384 185 1443 Nihil
198 1383 308 1461 probat·
302 1429 309 1453 ,
331 1384 395 1460 quie
413 1381 509 1442 melior
531 1381 628 1455 forma,
649 1404 748 1462 nempe
760 1384 855 1443 anima
867 1384 974 1445 rationu

65 1469 109 1540 lis,
130 1465 289 1545 genitrices
301 1464 451 1523 formarum
472 1463 562 1521 minue
579 1464 721 1539 nobilium,
741 1472 881 1543 quatenus
895 1469 974 1525 estsi-

66 1550 123 1607 mul
135 1546 292 1625 vegetetivu
313 1554 342 1604 et
364 1546 504 1618 sensitiva,
527 1556 555 1602 et
568 1545 596 1603 in
620 1547 907 1626 embryoncdiversns
924 1566 975 1606 suos

65 1629 237 1708 operationes
251 1627 407 1686 successive
430 1633 552 1699 exercet,
579 1629 730 1686 secundum
742 1629 818 1706 quod
831 1628 976 1708 embryonis

65 1711 181 1770 materie
193 1709 350 1768 successive
363 1708 516 1786 disponitm
528 1714 557 1765 et
568 1710 752 1787 organizetur.

106 1791 227 1849 Aliunde
239 1790 320 1847 nimis
334 1790 480 1867 probaret:
511 1789 642 1866 probaret
656 1792 738 1864 enim,
758 1792 907 1852 materiam
928 1810 976 1849 em-

64 1872 177 1952 bryonis
191 1871 292 1930 debere
309 1871 348 1928 ita
361 1871 522 1948 dispositam
544 1890 616 1943 esse,
636 1879 668 1929 ut
681 1874 773 1931 enimn
785 1880 884 1952 posset
895 1890 977 1950 egere,

65 1976 120 2013 non
133 1955 221 2011 solum
230 1962 263 2010 ut
275 1953 434 2030 vegetative
446 1960 474 2010 et
483 1952 623 2023 sensitiva,
637 1954 780 2012 sedetiam
793 1963 825 2013 ιιι
838 1953 976 2017 rationalis.

107 2034 262 2093 Deficiente
274 2052 385 2091 suarum
403 2034 588 2113 hypothesum
601 2033 787 2109 fundamento,
807 2036 910 2093 frustm
922 2054 976 2093 oon·

65 2115 351 2195 tugerentsdversarii
364 2116 400 2173 od
411 2115 502 2173 varies
517 2114 679 2173 Decretoles
693 2123 722 2174 et
736 2117 842 2189 Bulles,
857 2116 934 2193 quusi
944 2116 977 2193 ip

65 2218 113 2270 sae,
133 2198 307 2256 decernendo
320 2195 452 2274 majorem
464 2214 577 2273 poenum
599 2216 649 2272 pro
663 2197 746 2256 foetns
760 2198 884 2269 animati,
905 2200 977 2273 quim

65 2300 115 2356 pro
128 2278 267 2337 inanimati
280 2276 423 2356 ejectione,
443 2287 565 2335 nostram
578 2278 733 2354 opinionem
751 2280 952 2338 demolirentur.

106 2360 226 2418 Intentio
249 2359 350 2437 quippe
376 2358 552 2416 Summornm
570 2357 735 2427 Pontificum
753 2381 808 2419 nou
832 2360 886 2418 suit
907 2359 977 2419 istum

67 2440 291 2511 controversiam,
312 2441 348 2497 de
357 2458 413 2516 quo
420 2459 476 2497 non
490 2439 632 2517 agebatur,
653 2441 783 2512 delinire3
806 2441 978 2500 sedsicutiin

65 2522 107 2578 his
133 2520 216 2579 rebus
238 2522 338 2592 solent,
359 2539 422 2579 sese
443 2528 550 2578 tantum
560 2523 837 2582 accommodaverunt
851 2524 978 2581 communi

65 2602 295 2680 Philosophorum
304 2609 334 2660 et
346 2601 521 2660 Medicorum
534 2603 636 2675 sensui,
657 2605 704 2681 qui
716 2612 782 2663 tunc
795 2606 914 2663 eandem
931 2605 976 2663 dis-

64 2683 223 2742 tinctionem
235 2682 379 2741 faciebant.

108 2764 148 2823 Ει
161 2765 234 2842 quio,
255 2764 301 2822 ubi
318 2765 355 2822 de
367 2763 457 2840 poenis
479 2764 524 2842 agi
525 2772 601 2837 tur,†
624 2786 655 2824 ιιι
680 2766 810 2825 obscuris
837 2772 976 2827 ιιιῖίιιιιιιιιι

66 2854 110 2905 ecl
137 2854 322 2927 sequendum,
356 2846 437 2903 iidem
462 2844 610 2904 Pontifices
639 2847 757 2927 majores
790 2849 975 2925 gravioresque

64 2948 162 3003 poenes
175 2948 231 2986 non
244 2927 391 2985 decrevere
404 2925 576 3005 infligendos,
596 2927 642 2985 ubi
656 2930 739 2988 foetus
753 2930 822 2987 adeo
837 2930 929 2988 tenelli
940 2948 975 2987 es·

64 3017 135 3080 sent,
154 3016 187 3066 ut
207 3009 376 3066 communius
398 3028 454 3066 non
478 3014 654 3067 censerentur
671 3010 791 3083 animati,
822 3012 869 3068 iel
890 3012 975 3073 saltem

65 3096 140 3148 certo
154 3082 264 3147 animati
275 3090 328 3147 dici
338 3110 394 3147 non
406 3099 529 3167 possent.
625 3102 628 3107 '

105 3171 203 3250 Itaque
216 3171 335 3248 prefate
354 3173 441 3247 leges,
462 3170 513 3229 etsi
534 3172 663 3248 nequitate
676 3173 917 3247 commendabiles,
936 3192 974 3231 ve

64 3253 152 3311 ritotis
164 3261 256 3311 tomen
269 3252 423 3310 ooonrotids
441 3252 636 3330 investigaudae
649 3253 723 3310 viam
733 3253 917 3333 Philosophis,
930 3275 974 3313 nou

65 3337 273 3409 praecluserunt,
292 3334 347 3391 ιιιιό
360 3328 501 3410 aperuisse
515 3335 717 3409 quodammodo
730 3337 838 3395 videtur
858 3337 930 3396 Sixti
944 3336 973 3396 ll.

274 3557 359 3608 ·ιιιι.
391 3538 394 3542 ’
503 3556 586 3620 rneg.
602 3559 699 3608 sorus.
718 3560 777 3611 ιιι.
