2130 3990
111 202 173 267 816
487 224 666 271 stomacus
739 260 743 269 .

112 444 154 511 n.
168 432 217 509 tt.
238 448 308 524 en,
331 448 388 512 uu
409 448 693 523 noannonan
709 450 869 514 nnuma
892 450 1032 515 nenos
1064 471 1065 522 ÷

395 531 462 592 siu
484 532 749 596 continuio?

113 692 414 755 1.00mmunto.ottm
427 693 707 773 minturnas-culn.
749 694 791 754 ΙΙ.
818 694 1034 758 Nunotnntein
1064 703 1065 717 ³

153 775 522 857 habentibusaufflcientem
536 778 743 836 discretionem.
772 774 830 835 111
848 776 1034 855 Reguinrt'ter

152 858 229 917 inter
241 876 352 917 annum
370 859 509 916 dommum
523 864 551 915 et
563 861 707 918 decimum
721 867 872 933 quantem.
914 858 968 918 lv.
982 862 1032 918 Aa·

152 940 305 1017 tecojnnnda
318 947 361 997 est
376 942 406 996 in
421 937 547 998 amiculo
560 941 669 998 mortio.
712 938 749 996 V.
764 938 806 998 Bt
819 939 1033 1017 enoekilundun

147 1037 205 1097 per
219 1018 361 1080 pastores
374 1025 404 1077 et
412 1029 586 1098 parentes.

153 1181 177 1240 1.
193 1180 332 1243 Cunnum
345 1189 399 1254 est,
418 1181 569 1241 infantibus
589 1189 657 1240 ante
668 1200 750 1240 usum
763 1183 882 1241 rationis
896 1142 954 1241 taut
967 1182 1030 1261 apud

112 1265 239 1332 Latinos,
260 1283 343 1340 quam
358 1262 484 1328 Graecos.
504 1263 692 1343 dispensatam
706 1260 774 1321 olim
787 1262 878 1322 fuisse
893 1262 1063 1323 nuens
1058 1245 1065 1298 ¹

110 1348 179 1403 tiam
204 1352 316 1421 propter
341 1344 545 1415 convenientes,
569 1352 599 1400 et
611 1343 736 1425 specialis
754 1343 833 1403 itlius
847 1345 1026 1423 temporisne

110 1428 211 1500 tiones,
231 1432 357 1483 utnotat
371 1424 459 1483 Conc.
473 1424 554 1483 Trid.
569 1443 636 1482 sees.
650 1424 701 1483 21.
716 1444 780 1504 cap.
794 1426 824 1485 4.

151 1507 193 1566 ΙΙ.
217 1506 294 1565 Haec
309 1507 403 1585 praxis
429 1505 505 1583 apud
520 1505 633 1563 Groecoe
648 1505 743 1564 adhuc
757 1505 847 1565 hodie
860 1505 1020 1576 observatum
1044 1539 1051 1550 -1

106 1588 176 1648 sed
169 1610 198 1647 in
226 1586 335 1645 Eccle
314 1606 356 1644 ia
378 1586 482 1645 Latina
493 1606 540 1665 pro
555 1584 654 1663 majori
664 1582 762 1681 hujus
776 1586 955 1645 Sacramenti
964 1606 1018 1645 reue

108 1673 197 1728 nentia
224 1669 252 1727 id
275 1688 350 1726 nnnc
373 1676 415 1727 est
428 1666 616 1740 interdictum,
636 1667 720 1725 etiam
743 1670 773 1725 in
796 1668 920 1726 articulo
934 1671 1016 1736 morta

111 1750 201 1809 donec
215 1751 291 1828 pueri
312 1748 367 1807 hoc
379 1748 593 1808 Sacramentum
607 1747 764 1807 discernere
778 1750 887 1827 possint
900 1757 932 1807 et
943 1747 1017 1809 debiti

107 1851 243 1890 veneten.

149 1911 229 1971 Hinc
244 1909 385 1969 Pastorale
402 1908 625 1968 Mechiinicnse:
640 1913 659 1944 ‘⁴
673 1909 758 1969 Pueri
768 1908 804 1968 ad
819 1912 940 1989 primam
951 1910 1016 1969 Com
1046 1941 1052 1946 ·

108 1996 272 2053 munionem
291 2010 346 2049 non
374 1992 525 2048 admittant
514 2000 565 2060 t‚nr
588 1993 640 2050 niei
664 1993 739 2070 ptius
765 1991 916 2068 diiigenter
927 1995 1015 2050 exani
1037 1966 1065 2039 Ε

107 2079 164 2135 nati
176 2081 205 2134 et
231 2073 368 2145 instructi,
382 2075 470 2148 edque
484 2071 649 2130 discretione
661 2082 691 2130 et
715 2081 796 2130 aetate
808 2075 873 2144 sint,
889 2081 924 2131 ut
935 2071 1065 2150 dijudi-

107 2175 171 2214 care
185 2157 290 2236 possint
304 2152 412 2231 Corpus
429 2153 573 2212 Dominil’

149 2237 253 2296 Similit
242 2245 282 2295 ter
310 2235 422 2293 Rituale
449 2235 628 2292 Romanum:
650 2237 670 2267 “
686 2234 723 2292 lis
746 2236 793 2312 qui
817 2236 1017 2312 propteraetatis

106 2317 326 2376 imbecillitatem
353 2316 476 2374 nonduin
503 2314 588 2394 hujus
611 2316 859 2373 Sacrentantiv
804 2334 859 2393 cog
860 2317 986 2374 mitonem
996 2322 1065 2386 et

106 2409 221 2477 gustum
236 2397 354 2469 hubent,
374 2395 564 2454 administrare
578 2416 634 2454 non
649 2395 762 2454 debet.

150 2479 207 2538 III.
224 2479 289 2547 Qua
316 2481 378 2534 veni
403 2486 483 2534 aetate
508 2480 585 2555 pueri
608 2475 684 2534 hanc
710 2476 897 2553 cognitionem
926 2484 953 2535 ct
968 2496 1017 2554 gus-

104 2569 164 2617 tum
189 2560 323 2629 habeant,
357 2560 482 2634 generali
508 2558 603 2635 reguli
628 2558 804 2617 determinari
832 2577 893 2616 non
922 2566 1016 2634 poten

104 2639 153 2698 alii
168 2645 241 2699 enim
256 2639 372 2704 tardius,
395 2639 445 2697 alii
459 2637 539 2696 citius
554 2638 607 2696 hoc
622 2646 812 2715 assequuntur.
846 2638 963 2696 Interim
975 2638 1019 2696 dici

105 2721 185 2791 solet,
200 2721 271 2800 quod
283 2720 362 2779 addit
372 2720 512 2778 Pastoraie
522 2729 598 2776 vetus
614 2719 724 2778 Mechl.
736 2720 787 2777 sub
796 2719 912 2779 Mathia
922 2720 1018 2778 Hosio:

87 2825 89 2832 ·
104 2804 124 2833 ‘⁴
140 2803 333 2862 communiter
347 2811 414 2858 aetas
428 2801 494 2858 huic
509 2802 547 2858 rei
562 2809 627 2878 apta
641 2820 700 2858 esse
715 2800 785 2858 solet
796 2801 832 2858 ab
846 2823 922 2858 anno
939 2800 972 2857 10
985 2820 1018 2856 us-

105 2902 159 2959 qua
188 2883 224 2942 ad
242 2882 296 2940 lt.
290 2881 315 2916 ·”
330 2885 368 2940 ita
392 2883 510 2951 scilieet,
531 2889 562 2939 ut
587 2880 910 2940 Communioondinarie
925 2883 1018 2940 nonsit

103 2964 198 3022 danda
213 2967 303 3036 citium,
324 2972 375 3020 aut
389 2961 542 3021 differenda
555 2964 650 3020 scrius

144 3045 245 3102 An't
204 3065 230 3101 tn
234 3047 313 3102 terim
325 3064 380 3101 non
395 3052 438 3101 ost
450 3041 641 3113 annitendum,
662 3049 785 3120 utquam
798 3045 942 3117 citissime,
962 3044 1019 3123 puti

103 3126 120 3180 i
135 3129 172 3182 10
184 3146 268 3191 anno,
290 3126 368 3203 pueri
378 3127 582 3183 communicare
595 3122 752 3202 incipiant?

146 3206 183 3265 R.
212 3207 417 3283 Steyaer'tius
410 3225 439 3263 tn
467 3205 691 3263 conclusionibus
704 3205 833 3282 practicis
848 3203 884 3261 dc
898 3204 1019 3263 adminis-

101 3289 219 3345 tratione
251 3286 453 3345 Eucharistiae:
488 3285 640 3344 fatendum
665 3288 726 3344 citae
755 3285 966 3360 communioni,
996 3295 1021 3342 ut

99 3368 160 3443 ojus
174 3371 255 3425 virtus
267 3366 403 3425 malitiam
414 3368 503 3424 aetatis
515 3370 671 3444 praeveniat,
687 3366 738 3425 sed
746 3366 847 3425 habita
857 3369 965 3424 ratione
973 3386 1020 3424 non

101 3447 189 3505 solunt
213 3450 375 3542 capacitatis
399 3456 428 3505 ot
451 3449 638 3506 instructionis
653 3467 809 3527 puerorum,
832 3451 1019 3506 verumetiam
1047 3491 1065 3541 Ι

100 3538 129 3587 et
144 3531 270 3588 maxime
258 3528 421 3609 probitatis
431 3537 461 3587 ct
472 3530 590 3608 pictatis,
601 3528 680 3589 bonae
690 3528 791 3589 indolis
802 3535 832 3589 et
839 3528 1019 3589 educationis
1044 3543 1065 3622 ff
