2130 3990
404 188 448 233 aa
468 188 627 234 navvrsuo.
923 170 980 231 151

45 336 191 399 voluntate
213 330 313 397 Patrio¹
327 356 384 398 non
406 343 481 399 esset
503 329 727 395 consummanda
752 330 804 391 nisi
830 332 860 390 in
889 343 981 392 morte

47 412 170 480 christi.
201 417 317 477 Deinde
329 419 465 499 probatur
477 418 539 478 hee
552 417 693 476 sententia
705 433 744 472 ex
756 432 797 484 eo,
819 412 893 494 quod
907 415 978 473 aliis

43 498 181 579 Apostoli
194 518 252 559 non
265 499 404 579 baptizati
417 502 446 561 in
461 500 563 559 ultima
575 494 669 555 Coena
682 497 848 574 recepissent
864 495 978 554 Eucha-

44 581 156 721 p'lstiam
169 588 200 641 et
213 579 371 659 Ordinem:
394 583 449 643 hoo
472 586 567 641 autom
579 578 657 638 nullo
679 575 764 636 modo
777 573 884 636 videtur
896 596 979 657 posse

74 682 111 721 er.

84 742 220 881 Quoparn
250 748 377 825 tempore
405 752 473 804 ante
498 742 656 825 passionem
679 742 819 799 institutus
839 746 881 797 est
902 738 977 818 Bap-

44 824 144 883 tamus

83 902 142 963 Ill.
157 902 197 962 B„
212 902 424 967 verisimillime
438 905 507 967 dum
522 904 650 964 Christus
660 905 679 961 a
691 904 712 962 J
715 922 807 961 oanne
819 901 977 982 baptizatus

45 991 85 1044 est
105 987 137 1044 in
160 984 306 1045 iordane:
327 989 402 1067 quia,
423 994 457 1048 ut
480 989 549 1049 dicit
562 987 593 1044 S.
608 985 715 1044 Thom.
729 992 782 1042 art.
796 982 825 1042 2.
840 985 869 1040 in
888 982 974 1060 Corp.

49 1076 66 1099 ⁸⁴
76 1064 164 1125 Tune
176 1065 286 1127 videtur
297 1067 411 1147 aliquod
425 1071 639 1130 Sacramentum
663 1067 779 1138 institui,
799 1061 914 1144 quando
928 1083 975 1121 ac·

47 1148 113 1227 eipit
125 1149 255 1207 virtutem
290 1148 441 1210 reducendi
455 1171 537 1210 snum
551 1148 682 1211 effectum
694 1170 701 1219 3
723 1146 797 1204 hena
811 1152 907 1204 autem
921 1147 974 1202 vir-

46 1234 131 1289 tutem
145 1230 259 1308 aceepit
315 1233 440 1310 ptismus,
454 1230 568 1312 quando
578 1230 706 1289 Christus
725 1236 768 1286 est
785 1225 973 1306 baptizatus.''

98 1308 215 1369 Etenim
232 1310 321 1389 juxta
341 1312 396 1371 SS.
421 1314 515 1373 Patres
539 1312 667 1371 Christus
689 1319 757 1368 tune
780 1306 976 1367 determinavit

48 1391 202 1463 materiam,
216 1390 322 1452 scilieet
333 1412 446 1472 aquam,
467 1414 550 1473 quam
573 1412 625 1452 suo
639 1396 769 1451 contactu
784 1388 978 1453 sanctificavit.

48 1472 125 1553 eique
138 1472 267 1531 virtutem
283 1479 504 1552 regenerativam
517 1475 623 1535 tribuit.
671 1473 827 1550 Designata
839 1477 905 1529 tune
918 1468 975 1529 fuit

48 1550 150 1623 forma3
171 1552 265 1612 adfirit
277 1555 355 1613 enim
369 1556 494 1616 Peterin
508 1576 582 1628 vooe,
605 1553 694 1613 Filius
707 1555 737 1611 in
751 1571 843 1622 earne,
864 1560 893 1610 et
905 1551 971 1629 Spi-

48 1636 109 1691 nus
133 1632 258 1693 Sanetus
270 1635 299 1693 in
314 1638 408 1715 speeie
422 1637 567 1697 columba.
621 1635 785 1693 Declaratus
809 1633 896 1691 etiam
916 1632 972 1692 fuit

47 1716 201 1795 praeeipuus
215 1716 355 1794 Baptismi
367 1716 482 1777 effeetus
495 1738 546 1797 per
559 1717 631 1775 Coeli
645 1718 827 1794 apertionem.

81 1794 243 1875 Praoipnas
263 1800 391 1866 rationes,
412 1819 500 1880 quare
522 1798 651 1858 Christus
672 1796 818 1854 aloanne
831 1794 971 1874 baptizari

48 1874 167 1949 voluerit,
187 1876 252 1937 vide
267 1877 298 1934 N
299 1898 357 1937 um.
371 1878 422 1940 37.
437 1882 474 1938 de
490 1880 710 1940 Incarnatione.

79 1958 128 2017 An
144 1956 272 2018 Christus
283 1963 424 2019 nerninem
438 1961 589 2040 baptizavit
592 1981 653 2097 per
665 1957 813 2037 seipsum?

81 2037 140 2099 lv.
158 2039 196 2097 R„
212 2039 285 2098 Cum
301 2038 411 2100 dicatur
423 2042 508 2101 Joan.
521 2063 581 2121 cap.
614 2086 620 2098 .
634 2062 658 2099 v.
672 2040 700 2097 2.
720 2040 903 2118 Quamquam
917 2040 967 2099 Je-

47 2138 92 2179 nvs
104 2140 166 2181 non
181 2119 350 2198 baptizaret,
361 2125 416 2182 sed
424 2123 576 2202 Discipuli
588 2124 653 2199 ejus
662 2145 674 2187 ,·
695 2122 840 2180 verisimile
854 2125 969 2180 omnino

48 2199 185 2280 estquod
211 2202 333 2278 aliquem
360 2205 559 2283 Apostolorum
583 2204 682 2262 saltem
709 2203 903 2282 baptizaverit,
930 2223 968 2260 na

47 2282 170 2359 Apostoli
193 2303 249 2342 non
274 2282 411 2363 baptizati
433 2285 501 2344 alios
522 2286 727 2366 baptizassent:
748 2292 777 2342 et
798 2283 861 2343 ideo
884 2281 969 2341 refert

48 2361 226 2442 Nicephorus
239 2384 277 2422 ex
294 2365 400 2425 Evodio
414 2367 600 2440 Antiocheno,
610 2372 685 2446 quod
700 2365 827 2424 Christus
840 2366 901 2443 ipse
911 2367 970 2422 suis

48 2443 172 2503 manibus
186 2445 366 2523 baptizaverit
381 2448 504 2506 Petrum.
547 2447 606 2508 Alii
628 2447 734 2519 dieunt,
754 2447 896 2506 Christum
911 2444 967 2505 hoo

10 2578 14 2593 .
48 2522 138 2587 mee
151 2533 279 2605 respectu
296 2526 398 2586 Matris
412 2538 441 2586 et
452 2530 472 2588 J
476 2532 573 2588 oannis
589 2530 731 2608 Baptista.

63 2682 66 2687 ⁵
88 2686 129 2746 N.
151 2685 183 2747 3.
205 2688 264 2747 DE
285 2687 482 2750 MATERIA
505 2690 689 2751 ΗΕΜΟΤΑ
711 2690 917 2750 BAPTISMI.

213 2848 244 2908 S.
262 2848 360 2910 Thom.
376 2860 478 2932 quaeat.
492 2853 541 2912 66.
557 2858 614 2913 art.
629 2853 658 2914 3.
674 2854 703 2912 4.
719 2860 747 2913 et
759 2856 788 2913 5.

16 3004 20 3011 '
47 3005 65 3065 l.
79 3007 215 3071 Materia
228 3020 336 3072 remota
352 3014 508 3092 Baptismz'.
544 3016 582 3076 11.
596 3017 654 3075 Est
668 3036 743 3098 nque
758 3018 883 3078 natural.
905 3016 962 3075 Ill.

10 3122 17 3157 ᾗ
82 3090 170 3157 Quod
191 3096 273 3151 varie
290 3096 444 3173 probatur.
486 3097 540 3156 IV.
566 3098 701 3165 chotuor
723 3106 856 3161 rationes
873 3120 964 3181 pecare

10 3202 12 3235 ;
56 3190 155 3250 -aqua
167 3178 210 3232 eit
218 3180 349 3236 materia.
372 3176 409 3234 V.
428 3177 548 3256 Species
555 3199 631 3258 req-rea
640 3182 797 3242 naturalis.
821 3185 876 3244 VI.
888 3184 962 3264 Spa

78 3257 140 3313 cies
153 3258 283 3314 materiae
296 3260 508 3339 insufflo-{entia
529 3261 601 3320 Vll.
615 3262 657 3321 Et
669 3263 762 3322 dubie.

76 3414 108 3495 1..
133 3416 358 3478 Pmsonssns
386 3430 428 3480 est
449 3442 486 3481 ex
502 3423 638 3482 Traetatu
652 3426 688 3482 de
702 3424 908 3490 sacramentis
923 3436 954 3491 in

37 3516 147 3575 genere
168 3499 258 3559 Num.
272 3502 303 3559 8.
317 3501 415 3562 divisio
429 3506 551 3563 materiae
561 3507 590 3563 in
603 3514 740 3563 remotam
754 3514 783 3563 et
796 3511 964 3587 proximam.

74 3578 214 3640 Quianam
227 3587 269 3642 est
281 3586 398 3643 materia
410 3593 516 3643 remota
529 3586 705 3644 Sacramenti
721 3587 882 3666 Baptismi?

74 3650 125 3721 Ilss·
141 3660 179 3721 R.
204 3662 359 3727 Estomnis
370 3673 399 3730 et
416 3667 475 3727 sola
484 3686 558 3804 apua
567 3665 711 3738 naturalis,
720 3688 769 3730 seu
779 3670 965 3735 elementaris.

472 3765 492 3807 n
