<?xml version="1.0" encoding="UTF-8"?>
<!DOCTYPE html PUBLIC "-//W3C//DTD XHTML 1.0 Transitional//EN"
    "http://www.w3.org/TR/xhtml1/DTD/xhtml1-transitional.dtd">
<html xmlns="http://www.w3.org/1999/xhtml" xml:lang="en" lang="en">
 <head>
  <title>
</title>
<meta http-equiv="Content-Type" content="text/html;charset=utf-8" />
  <meta name='ocr-system' content='tesseract 3.04.00' />
  <meta name='ocr-capabilities' content='ocr_page ocr_carea ocr_par ocr_line ocrx_word'/>
</head>
<body>
  <div class='ocr_page' id='page_1' title='image "./theologiamorali02densgoog_0143.png"; bbox 0 0 2130 3990; ppageno 0'>
   <div class='ocr_carea' id='block_1_1' title="bbox 121 182 678 245">
    <p class='ocr_par' dir='ltr' id='par_1_1' title="bbox 121 182 678 245">
     <span class='ocr_line' id='line_1_1' title="bbox 121 182 678 245; baseline 0.002 -1"><span class='ocrx_word' id='word_1_1' title='bbox 121 182 178 245; x_wconf 74' lang='lat' dir='ltr'><strong>tte</strong></span> <span class='ocrx_word' id='word_1_2' title='bbox 397 228 400 235; x_wconf 87' lang='lat'><em>.</em></span> <span class='ocrx_word' id='word_1_3' title='bbox 502 201 678 245; x_wconf 72' lang='lat' dir='ltr'><strong>cremer-ns</strong></span> 
     </span>
    </p>
   </div>
   <div class='ocr_carea' id='block_1_2' title="bbox 111 344 1061 2766">
    <p class='ocr_par' dir='ltr' id='par_1_2' title="bbox 114 344 1036 830">
     <span class='ocr_line' id='line_1_2' title="bbox 157 344 1036 427; baseline 0.001 -21"><span class='ocrx_word' id='word_1_4' title='bbox 157 347 252 406; x_wconf 88' lang='lat' dir='ltr'><strong>Dicit:</strong></span> <span class='ocrx_word' id='word_1_5' title='bbox 275 344 425 427; x_wconf 70' lang='lat' dir='ltr'><strong>Precipnb</strong></span> <span class='ocrx_word' id='word_1_6' title='bbox 438 348 646 423; x_wconf 70' lang='lat' dir='ltr'><strong>quandonam</strong></span> <span class='ocrx_word' id='word_1_7' title='bbox 659 344 714 406; x_wconf 77' lang='lat' dir='ltr'><strong>dec.</strong></span> <span class='ocrx_word' id='word_1_8' title='bbox 728 364 794 425; x_wconf 78' lang='lat' dir='ltr'><strong>ergo</strong></span> <span class='ocrx_word' id='word_1_9' title='bbox 807 346 904 420; x_wconf 79' lang='lat' dir='ltr'><strong>etiem,</strong></span> <span class='ocrx_word' id='word_1_10' title='bbox 923 347 946 407; x_wconf 87' lang='lat' dir='ltr'><strong>si</strong></span> <span class='ocrx_word' id='word_1_11' title='bbox 958 356 1036 408; x_wconf 51' lang='lat' dir='ltr'><strong>exte*</strong></span> 
     </span>
     <span class='ocr_line' id='line_1_3' title="bbox 114 426 1034 506; baseline 0.002 -19"><span class='ocrx_word' id='word_1_12' title='bbox 114 431 169 487; x_wconf 76' lang='lat' dir='ltr'><strong>rins</strong></span> <span class='ocrx_word' id='word_1_13' title='bbox 196 446 260 486; x_wconf 85' lang='lat' dir='ltr'><strong>enm</strong></span> <span class='ocrx_word' id='word_1_14' title='bbox 286 447 342 486; x_wconf 89' lang='lat' dir='ltr'><strong>non</strong></span> <span class='ocrx_word' id='word_1_15' title='bbox 371 426 538 497; x_wconf 72' lang='lat' dir='ltr'><strong>manifestet,</strong></span> <span class='ocrx_word' id='word_1_16' title='bbox 558 439 588 487; x_wconf 90' lang='lat' dir='ltr'><strong>et</strong></span> <span class='ocrx_word' id='word_1_17' title='bbox 611 429 706 486; x_wconf 83' lang='lat' dir='ltr'><strong>omniu</strong></span> <span class='ocrx_word' id='word_1_18' title='bbox 730 431 801 486; x_wconf 79' lang='lat' dir='ltr'><strong>serio</strong></span> <span class='ocrx_word' id='word_1_19' title='bbox 819 435 952 506; x_wconf 74' lang='lat' dir='ltr'><strong>peraget:</strong></span> <span class='ocrx_word' id='word_1_20' title='bbox 973 436 1034 489; x_wconf 83' lang='lat' dir='ltr'><strong>crim</strong></span> 
     </span>
     <span class='ocr_line' id='line_1_4' title="bbox 116 507 1035 586; baseline 0.002 -19"><span class='ocrx_word' id='word_1_21' title='bbox 116 519 212 568; x_wconf 86' lang='lat' dir='ltr'><strong>eutem</strong></span> <span class='ocrx_word' id='word_1_22' title='bbox 239 508 353 567; x_wconf 77' lang='lat' dir='ltr'><strong>ulterius</strong></span> <span class='ocrx_word' id='word_1_23' title='bbox 375 508 460 574; x_wconf 86' lang='lat' dir='ltr'><strong>dicet,</strong></span> <span class='ocrx_word' id='word_1_24' title='bbox 481 509 660 567; x_wconf 89' lang='lat' dir='ltr'><strong>intentionem</strong></span> <span class='ocrx_word' id='word_1_25' title='bbox 689 507 815 567; x_wconf 87' lang='lat' dir='ltr'><strong>Ministri</strong></span> <span class='ocrx_word' id='word_1_26' title='bbox 842 511 930 569; x_wconf 80' lang='lat' dir='ltr'><strong>etiem</strong></span> <span class='ocrx_word' id='word_1_27' title='bbox 957 528 1035 586; x_wconf 81' lang='lat' dir='ltr'><strong>posse</strong></span> 
     </span>
     <span class='ocr_line' id='line_1_5' title="bbox 115 587 1032 669; baseline 0.001 -21"><span class='ocrx_word' id='word_1_28' title='bbox 115 591 232 669; x_wconf 85' lang='lat' dir='ltr'><strong>perverti</strong></span> <span class='ocrx_word' id='word_1_29' title='bbox 253 608 301 668; x_wconf 85' lang='lat' dir='ltr'><strong>per</strong></span> <span class='ocrx_word' id='word_1_30' title='bbox 314 589 375 657; x_wconf 88' lang='lat' dir='ltr'><strong>hoc,</strong></span> <span class='ocrx_word' id='word_1_31' title='bbox 397 587 474 665; x_wconf 80' lang='lat' dir='ltr'><strong>qued</strong></span> <span class='ocrx_word' id='word_1_32' title='bbox 499 587 631 647; x_wconf 74' lang='lat' dir='ltr'>abutatur</span> <span class='ocrx_word' id='word_1_33' title='bbox 643 608 669 648; x_wconf 83' lang='lat' dir='ltr'><strong>r.</strong></span> <span class='ocrx_word' id='word_1_34' title='bbox 683 609 711 667; x_wconf 80' lang='lat' dir='ltr'><strong>g.</strong></span> <span class='ocrx_word' id='word_1_35' title='bbox 734 591 880 667; x_wconf 80' lang='lat' dir='ltr'><strong>Baptismo</strong></span> <span class='ocrx_word' id='word_1_36' title='bbox 899 587 939 647; x_wconf 79' lang='lat' dir='ltr'><strong>rid</strong></span> <span class='ocrx_word' id='word_1_37' title='bbox 952 590 1032 649; x_wconf 84' lang='lat' dir='ltr'><strong>finem</strong></span> 
     </span>
     <span class='ocr_line' id='line_1_6' title="bbox 116 668 1032 749; baseline 0.001 -21"><span class='ocrx_word' id='word_1_38' title='bbox 116 671 231 735; x_wconf 86' lang='lat' dir='ltr'><strong>malurn,</strong></span> <span class='ocrx_word' id='word_1_39' title='bbox 253 669 391 729; x_wconf 84' lang='lat' dir='ltr'><strong>euidenter</strong></span> <span class='ocrx_word' id='word_1_40' title='bbox 412 670 505 727; x_wconf 83' lang='lat' dir='ltr'><strong>innuit</strong></span> <span class='ocrx_word' id='word_1_41' title='bbox 519 668 549 726; x_wconf 87' lang='lat' dir='ltr'><strong>S.</strong></span> <span class='ocrx_word' id='word_1_42' title='bbox 564 669 713 729; x_wconf 81' lang='lat' dir='ltr'><strong>Thom&#39;sc</strong></span> <span class='ocrx_word' id='word_1_43' title='bbox 734 670 883 749; x_wconf 76' lang='lat' dir='ltr'><strong>utrobique</strong></span> <span class='ocrx_word' id='word_1_44' title='bbox 905 670 1032 747; x_wconf 74' lang='lat' dir='ltr'><strong>egerede</strong></span> 
     </span>
     <span class='ocr_line' id='line_1_7' title="bbox 116 750 994 830; baseline -0.005 -21"><span class='ocrx_word' id='word_1_45' title='bbox 116 754 268 810; x_wconf 86' lang='lat' dir='ltr'><strong>intentione</strong></span> <span class='ocrx_word' id='word_1_46' title='bbox 282 750 419 830; x_wconf 79' lang='lat' dir='ltr'><strong>personali</strong></span> <span class='ocrx_word' id='word_1_47' title='bbox 435 750 568 808; x_wconf 86' lang='lat' dir='ltr'><strong>Ministri.</strong></span> <span class='ocrx_word' id='word_1_48' title='bbox 872 802 875 807; x_wconf 84' lang='lat'><em>.</em></span> <span class='ocrx_word' id='word_1_49' title='bbox 911 802 914 807; x_wconf 88' lang='lat'>.</span> <span class='ocrx_word' id='word_1_50' title='bbox 990 798 994 805; x_wconf 95' lang='lat'>.</span> 
     </span>
    </p>

    <p class='ocr_par' dir='ltr' id='par_1_3' title="bbox 116 830 1030 1069">
     <span class='ocr_line' id='line_1_8' title="bbox 161 830 1030 909; baseline 0.001 -19"><span class='ocrx_word' id='word_1_51' title='bbox 161 830 225 909; x_wconf 72' lang='lat' dir='ltr'><strong>obj.</strong></span> <span class='ocrx_word' id='word_1_52' title='bbox 249 831 366 892; x_wconf 73' lang='lat' dir='ltr'><strong>Uneex</strong></span> <span class='ocrx_word' id='word_1_53' title='bbox 389 831 546 903; x_wconf 82' lang='lat' dir='ltr'><strong>rationibus,</strong></span> <span class='ocrx_word' id='word_1_54' title='bbox 568 851 653 909; x_wconf 87' lang='lat' dir='ltr'><strong>qnare</strong></span> <span class='ocrx_word' id='word_1_55' title='bbox 678 851 733 889; x_wconf 91' lang='lat' dir='ltr'><strong>non</strong></span> <span class='ocrx_word' id='word_1_56' title='bbox 748 833 903 907; x_wconf 78' lang='lat' dir='ltr'><strong>requiratur</strong></span> <span class='ocrx_word' id='word_1_57' title='bbox 916 831 1030 909; x_wconf 79' lang='lat' dir='ltr'><strong>probiter</strong></span> 
     </span>
     <span class='ocr_line' id='line_1_9' title="bbox 116 909 1029 991; baseline 0.001 -21"><span class='ocrx_word' id='word_1_58' title='bbox 116 914 146 971; x_wconf 91' lang='lat' dir='ltr'><strong>in</strong></span> <span class='ocrx_word' id='word_1_59' title='bbox 160 912 297 979; x_wconf 73' lang='lat' dir='ltr'><strong>Ministro,</strong></span> <span class='ocrx_word' id='word_1_60' title='bbox 307 920 356 983; x_wconf 87' lang='lat' dir='ltr'><strong>est,</strong></span> <span class='ocrx_word' id='word_1_61' title='bbox 370 931 405 969; x_wconf 87' lang='lat' dir='ltr'><strong>ne</strong></span> <span class='ocrx_word' id='word_1_62' title='bbox 418 909 535 969; x_wconf 90' lang='lat' dir='ltr'><strong>dubium</strong></span> <span class='ocrx_word' id='word_1_63' title='bbox 548 913 585 969; x_wconf 88' lang='lat' dir='ltr'><strong>sit</strong></span> <span class='ocrx_word' id='word_1_64' title='bbox 597 913 828 971; x_wconf 81' lang='lat' dir='ltr'><strong>Sacramentum:</strong></span> <span class='ocrx_word' id='word_1_65' title='bbox 843 932 908 991; x_wconf 82' lang='lat' dir='ltr'><strong>ergo</strong></span> <span class='ocrx_word' id='word_1_66' title='bbox 922 911 958 971; x_wconf 91' lang='lat' dir='ltr'><strong>ob</strong></span> <span class='ocrx_word' id='word_1_67' title='bbox 968 932 1029 971; x_wconf 82' lang='lat' dir='ltr'><strong>cun·</strong></span> 
     </span>
     <span class='ocr_line' id='line_1_10' title="bbox 116 991 948 1069; baseline -0.002 -16"><span class='ocrx_word' id='word_1_68' title='bbox 116 994 180 1053; x_wconf 91' lang='lat' dir='ltr'><strong>dem</strong></span> <span class='ocrx_word' id='word_1_69' title='bbox 189 992 324 1052; x_wconf 85' lang='lat' dir='ltr'><strong>retione&#39;m</strong></span> <span class='ocrx_word' id='word_1_70' title='bbox 338 1012 392 1051; x_wconf 92' lang='lat' dir='ltr'><strong>non</strong></span> <span class='ocrx_word' id='word_1_71' title='bbox 407 994 552 1069; x_wconf 85' lang='lat' dir='ltr'><strong>requiritur</strong></span> <span class='ocrx_word' id='word_1_72' title='bbox 564 993 680 1051; x_wconf 89' lang='lat' dir='ltr'><strong>intentio</strong></span> <span class='ocrx_word' id='word_1_73' title='bbox 690 995 804 1051; x_wconf 82' lang='lat' dir='ltr'><strong>interne·</strong></span> <span class='ocrx_word' id='word_1_74' title='bbox 813 991 948 1051; x_wconf 77' lang='lat' dir='ltr'><strong>Ministri.</strong></span> 
     </span>
    </p>

    <p class='ocr_par' dir='ltr' id='par_1_4' title="bbox 114 1070 1061 1619">
     <span class='ocr_line' id='line_1_11' title="bbox 124 1070 1061 1157; baseline 0.002 -26"><span class='ocrx_word' id='word_1_75' title='bbox 124 1114 127 1119; x_wconf 92' lang='lat'>-</span> <span class='ocrx_word' id='word_1_76' title='bbox 157 1072 246 1151; x_wconf 75' lang='lat' dir='ltr'><strong>Reep.</strong></span> <span class='ocrx_word' id='word_1_77' title='bbox 271 1076 346 1151; x_wconf 81' lang='lat' dir='ltr'><strong>Neg.</strong></span> <span class='ocrx_word' id='word_1_78' title='bbox 368 1093 478 1152; x_wconf 79' lang='lat' dir='ltr'><strong>conseq.</strong></span> <span class='ocrx_word' id='word_1_79' title='bbox 503 1073 690 1153; x_wconf 71' lang='lat' dir='ltr'><strong>Preterqnum</strong></span> <span class='ocrx_word' id='word_1_80' title='bbox 710 1072 787 1150; x_wconf 84' lang='lat' dir='ltr'><strong>qndd</strong></span> <span class='ocrx_word' id='word_1_81' title='bbox 809 1082 959 1152; x_wconf 87' lang='lat' dir='ltr'><strong>utrumque</strong></span> <span class='ocrx_word' id='word_1_82' title='bbox 985 1070 1027 1133; x_wconf 85' lang='lat' dir='ltr'><strong>de·</strong></span> <span class='ocrx_word' id='word_1_83' title='bbox 1057 1098 1061 1157; x_wconf 73' lang='lat' dir='ltr'>j</span> 
     </span>
     <span class='ocr_line' id='line_1_12' title="bbox 115 1154 1061 1239; baseline 0.002 -28"><span class='ocrx_word' id='word_1_84' title='bbox 115 1155 237 1234; x_wconf 79' lang='lat' dir='ltr'><strong>pendent</strong></span> <span class='ocrx_word' id='word_1_85' title='bbox 250 1156 396 1234; x_wconf 70' lang='lat' dir='ltr'><strong>ipunitius</strong></span> <span class='ocrx_word' id='word_1_86' title='bbox 409 1155 551 1213; x_wconf 76' lang='lat' dir='ltr'><strong>voluntate</strong></span> <span class='ocrx_word' id='word_1_87' title='bbox 566 1154 680 1221; x_wconf 88' lang='lat' dir='ltr'><strong>Christi,</strong></span> <span class='ocrx_word' id='word_1_88' title='bbox 702 1173 835 1231; x_wconf 78' lang='lat' dir='ltr'><strong>magnum</strong></span> <span class='ocrx_word' id='word_1_89' title='bbox 849 1155 1028 1213; x_wconf 74' lang='lat' dir='ltr'><strong>inter-urum·</strong></span> <span class='ocrx_word' id='word_1_90' title='bbox 1054 1178 1061 1239; x_wconf 58' lang='lat' dir='ltr'><strong>q</strong></span> 
     </span>
     <span class='ocr_line' id='line_1_13' title="bbox 116 1233 1061 1327; baseline 0.003 -35"><span class='ocrx_word' id='word_1_91' title='bbox 116 1254 169 1313; x_wconf 83' lang='lat' dir='ltr'><strong>qne</strong></span> <span class='ocrx_word' id='word_1_92' title='bbox 182 1244 226 1294; x_wconf 86' lang='lat' dir='ltr'><strong>est</strong></span> <span class='ocrx_word' id='word_1_93' title='bbox 237 1235 397 1303; x_wconf 68' lang='lat' dir='ltr'><strong>discrimem</strong></span> <span class='ocrx_word' id='word_1_94' title='bbox 413 1234 479 1292; x_wconf 82' lang='lat' dir='ltr'><strong>crim</strong></span> <span class='ocrx_word' id='word_1_95' title='bbox 504 1233 709 1313; x_wconf 80' lang='lat' dir='ltr'><strong>etiemprobitus</strong></span> <span class='ocrx_word' id='word_1_96' title='bbox 724 1235 846 1295; x_wconf 81' lang='lat' dir='ltr'><strong>Ministn&#39;</strong></span> <span class='ocrx_word' id='word_1_97' title='bbox 859 1240 1026 1295; x_wconf 71' lang='lat' dir='ltr'><strong>uenenum</strong></span> <span class='ocrx_word' id='word_1_98' title='bbox 1051 1262 1061 1327; x_wconf 53' lang='lat' dir='ltr'><strong>q</strong></span> 
     </span>
     <span class='ocr_line' id='line_1_14' title="bbox 115 1314 1061 1403; baseline 0.004 -31"><span class='ocrx_word' id='word_1_99' title='bbox 115 1319 151 1374; x_wconf 87' lang='lat' dir='ltr'><strong>sit</strong></span> <span class='ocrx_word' id='word_1_100' title='bbox 177 1315 298 1383; x_wconf 85' lang='lat' dir='ltr'><strong>occulte,</strong></span> <span class='ocrx_word' id='word_1_101' title='bbox 318 1315 468 1373; x_wconf 81' lang='lat' dir='ltr'><strong>sedetiam</strong></span> <span class='ocrx_word' id='word_1_102' title='bbox 493 1314 575 1375; x_wconf 69' lang='lat' dir='ltr'><strong>uelde</strong></span> <span class='ocrx_word' id='word_1_103' title='bbox 597 1317 708 1383; x_wconf 82' lang='lat' dir='ltr'><strong>incerte,</strong></span> <span class='ocrx_word' id='word_1_104' title='bbox 729 1324 759 1373; x_wconf 86' lang='lat' dir='ltr'><strong>et</strong></span> <span class='ocrx_word' id='word_1_105' title='bbox 781 1314 818 1374; x_wconf 90' lang='lat' dir='ltr'><strong>de</strong></span> <span class='ocrx_word' id='word_1_106' title='bbox 831 1334 890 1394; x_wconf 81' lang='lat' dir='ltr'><strong>que</strong></span> <span class='ocrx_word' id='word_1_107' title='bbox 911 1318 1027 1397; x_wconf 80' lang='lat' dir='ltr'><strong>necipee</strong></span> <span class='ocrx_word' id='word_1_108' title='bbox 1049 1340 1061 1403; x_wconf 52' lang='grc' dir='ltr'>ᾗ</span> 
     </span>
     <span class='ocr_line' id='line_1_15' title="bbox 118 1396 1061 1481; baseline 0.002 -27"><span class='ocrx_word' id='word_1_109' title='bbox 118 1396 248 1455; x_wconf 84' lang='lat' dir='ltr'><strong>Minister</strong></span> <span class='ocrx_word' id='word_1_110' title='bbox 269 1400 359 1455; x_wconf 83' lang='lat' dir='ltr'><strong>certus</strong></span> <span class='ocrx_word' id='word_1_111' title='bbox 372 1406 415 1454; x_wconf 80' lang='lat' dir='ltr'><strong>est</strong></span> <span class='ocrx_word' id='word_1_112' title='bbox 437 1398 549 1454; x_wconf 88' lang='lat' dir='ltr'><strong>omnind</strong></span> <span class='ocrx_word' id='word_1_113' title='bbox 565 1401 660 1469; x_wconf 70' lang='lat' dir='ltr'><strong>(nemo</strong></span> <span class='ocrx_word' id='word_1_114' title='bbox 680 1397 754 1455; x_wconf 89' lang='lat' dir='ltr'><strong>enim</strong></span> <span class='ocrx_word' id='word_1_115' title='bbox 767 1398 828 1462; x_wconf 84' lang='lat' dir='ltr'><strong>scit,</strong></span> <span class='ocrx_word' id='word_1_116' title='bbox 850 1417 887 1456; x_wconf 89' lang='lat' dir='ltr'><strong>en</strong></span> <span class='ocrx_word' id='word_1_117' title='bbox 902 1396 1024 1472; x_wconf 77' lang='lat' dir='ltr'><strong>edique</strong></span> <span class='ocrx_word' id='word_1_118' title='bbox 1049 1414 1061 1481; x_wconf 75' lang='lat' dir='ltr'><strong>&#39;q</strong></span> 
     </span>
     <span class='ocr_line' id='line_1_16' title="bbox 115 1476 1057 1581; baseline 0.004 -48"><span class='ocrx_word' id='word_1_119' title='bbox 115 1496 210 1535; x_wconf 80' lang='lat' dir='ltr'><strong>umore</strong></span> <span class='ocrx_word' id='word_1_120' title='bbox 236 1476 334 1556; x_wconf 79' lang='lat' dir='ltr'><strong>dignus</strong></span> <span class='ocrx_word' id='word_1_121' title='bbox 359 1478 408 1551; x_wconf 86' lang='lat' dir='ltr'><strong>sit)</strong></span> <span class='ocrx_word' id='word_1_122' title='bbox 420 1497 437 1546; x_wconf 88' lang='lat'><strong>;:</strong></span> <span class='ocrx_word' id='word_1_123' title='bbox 447 1478 470 1533; x_wconf 91' lang='lat' dir='ltr'><strong>si</strong></span> <span class='ocrx_word' id='word_1_124' title='bbox 483 1476 533 1534; x_wconf 86' lang='lat' dir='ltr'><strong>ille</strong></span> <span class='ocrx_word' id='word_1_125' title='bbox 544 1479 629 1554; x_wconf 81' lang='lat' dir='ltr'><strong>igitur</strong></span> <span class='ocrx_word' id='word_1_126' title='bbox 650 1478 831 1539; x_wconf 75' lang='lat' dir='ltr'><strong>essentialiter</strong></span> <span class='ocrx_word' id='word_1_127' title='bbox 842 1480 1023 1558; x_wconf 78' lang='lat' dir='ltr'><strong>requireretur,</strong></span> <span class='ocrx_word' id='word_1_128' title='bbox 1047 1504 1057 1581; x_wconf 61' lang='lat' dir='ltr'><strong>q</strong></span> 
     </span>
     <span class='ocr_line' id='line_1_17' title="bbox 114 1557 872 1619; baseline 0.001 -4"><span class='ocrx_word' id='word_1_129' title='bbox 114 1557 255 1617; x_wconf 88' lang='lat' dir='ltr'><strong>tolleretur</strong></span> <span class='ocrx_word' id='word_1_130' title='bbox 267 1557 402 1619; x_wconf 88' lang='lat' dir='ltr'><strong>certitudo</strong></span> <span class='ocrx_word' id='word_1_131' title='bbox 417 1558 528 1615; x_wconf 83' lang='lat' dir='ltr'><strong>rnorniis</strong></span> <span class='ocrx_word' id='word_1_132' title='bbox 542 1557 578 1616; x_wconf 94' lang='lat' dir='ltr'><strong>de</strong></span> <span class='ocrx_word' id='word_1_133' title='bbox 588 1557 678 1615; x_wconf 80' lang='lat' dir='ltr'><strong>valore</strong></span> <span class='ocrx_word' id='word_1_134' title='bbox 689 1557 872 1616; x_wconf 83' lang='lat' dir='ltr'><strong>Sacrenrenti.</strong></span> 
     </span>
    </p>

    <p class='ocr_par' dir='ltr' id='par_1_5' title="bbox 113 1634 1061 2282">
     <span class='ocr_line' id='line_1_18' title="bbox 124 1634 1057 1737; baseline 0.002 -40"><span class='ocrx_word' id='word_1_135' title='bbox 124 1636 127 1641; x_wconf 74' lang='grc'><strong>’</strong></span> <span class='ocrx_word' id='word_1_136' title='bbox 155 1634 315 1698; x_wconf 81' lang='lat' dir='ltr'><strong>Tolleretur</strong></span> <span class='ocrx_word' id='word_1_137' title='bbox 340 1644 476 1714; x_wconf 79' lang='lat' dir='ltr'><strong>quantum</strong></span> <span class='ocrx_word' id='word_1_138' title='bbox 501 1646 597 1696; x_wconf 89' lang='lat' dir='ltr'><strong>nutem</strong></span> <span class='ocrx_word' id='word_1_139' title='bbox 624 1637 660 1695; x_wconf 88' lang='lat' dir='ltr'><strong>ed</strong></span> <span class='ocrx_word' id='word_1_140' title='bbox 688 1639 884 1713; x_wconf 87' lang='lat' dir='ltr'><strong>intentionem,</strong></span> <span class='ocrx_word' id='word_1_141' title='bbox 905 1640 1023 1699; x_wconf 73' lang='lat' dir='ltr'><strong>currilia</strong></span> <span class='ocrx_word' id='word_1_142' title='bbox 1046 1668 1057 1737; x_wconf 54' lang='lat' dir='ltr'><strong>q</strong></span> 
     </span>
     <span class='ocr_line' id='line_1_19' title="bbox 115 1718 1023 1799; baseline 0.004 -22"><span class='ocrx_word' id='word_1_143' title='bbox 115 1721 200 1798; x_wconf 82' lang='lat' dir='ltr'><strong>qussi.</strong></span> <span class='ocrx_word' id='word_1_144' title='bbox 216 1730 316 1799; x_wconf 85' lang='lat' dir='ltr'><strong>sponte</strong></span> <span class='ocrx_word' id='word_1_145' title='bbox 337 1718 482 1790; x_wconf 82' lang='lat' dir='ltr'><strong>habentur,</strong></span> <span class='ocrx_word' id='word_1_146' title='bbox 502 1726 532 1777; x_wconf 84' lang='lat' dir='ltr'><strong>et</strong></span> <span class='ocrx_word' id='word_1_147' title='bbox 554 1721 582 1777; x_wconf 87' lang='lat' dir='ltr'><strong>in</strong></span> <span class='ocrx_word' id='word_1_148' title='bbox 601 1718 655 1778; x_wconf 91' lang='lat' dir='ltr'><strong>hoc</strong></span> <span class='ocrx_word' id='word_1_149' title='bbox 674 1720 813 1798; x_wconf 78' lang='lat' dir='ltr'><strong>punctoei</strong></span> <span class='ocrx_word' id='word_1_150' title='bbox 834 1719 1023 1797; x_wconf 77' lang='lat' dir='ltr'><strong>Ministrir&#39;rvix</strong></span> 
     </span>
     <span class='ocr_line' id='line_1_20' title="bbox 114 1798 1024 1880; baseline 0.004 -22"><span class='ocrx_word' id='word_1_151' title='bbox 114 1808 217 1859; x_wconf 85' lang='lat' dir='ltr'><strong>erretur</strong></span> <span class='ocrx_word' id='word_1_152' title='bbox 229 1803 282 1860; x_wconf 90' lang='lat' dir='ltr'><strong>nisi</strong></span> <span class='ocrx_word' id='word_1_153' title='bbox 295 1800 377 1880; x_wconf 73' lang='lat' dir='ltr'><strong>plene</strong></span> <span class='ocrx_word' id='word_1_154' title='bbox 392 1798 489 1858; x_wconf 72' lang='lat' dir='ltr'><strong>dedite</strong></span> <span class='ocrx_word' id='word_1_155' title='bbox 498 1801 583 1877; x_wconf 74' lang='lat' dir='ltr'><strong>opcrd</strong></span> <span class='ocrx_word' id='word_1_156' title='bbox 592 1799 817 1877; x_wconf 75' lang='lat' dir='ltr'><strong>malignantibus,</strong></span> <span class='ocrx_word' id='word_1_157' title='bbox 832 1802 874 1859; x_wconf 86' lang='lat' dir='ltr'><strong>sic</strong></span> <span class='ocrx_word' id='word_1_158' title='bbox 887 1802 1024 1861; x_wconf 71' lang='lat' dir='ltr'><strong>neeesim</strong></span> 
     </span>
     <span class='ocr_line' id='line_1_21' title="bbox 113 1880 1061 1973; baseline 0.002 -34"><span class='ocrx_word' id='word_1_159' title='bbox 113 1881 274 1940; x_wconf 86' lang='lat' dir='ltr'><strong>intentionis</strong></span> <span class='ocrx_word' id='word_1_160' title='bbox 287 1880 480 1940; x_wconf 86' lang='lat' dir='ltr'><strong>certitudinem</strong></span> <span class='ocrx_word' id='word_1_161' title='bbox 490 1881 624 1939; x_wconf 76' lang='lat' dir='ltr'><strong>moralem</strong></span> <span class='ocrx_word' id='word_1_162' title='bbox 636 1881 751 1939; x_wconf 76' lang='lat' dir='ltr'><strong>minime</strong></span> <span class='ocrx_word' id='word_1_163' title='bbox 761 1881 893 1961; x_wconf 87' lang='lat' dir='ltr'><strong>impedit:</strong></span> <span class='ocrx_word' id='word_1_164' title='bbox 907 1881 1024 1961; x_wconf 78' lang='lat' dir='ltr'><strong>adeoque</strong></span> <span class='ocrx_word' id='word_1_165' title='bbox 1046 1908 1061 1973; x_wconf 64' lang='lat' dir='ltr'><strong>q</strong></span> 
     </span>
     <span class='ocr_line' id='line_1_22' title="bbox 114 1961 1061 2045; baseline 0.002 -26"><span class='ocrx_word' id='word_1_166' title='bbox 114 1982 170 2020; x_wconf 90' lang='lat' dir='ltr'><strong>non</strong></span> <span class='ocrx_word' id='word_1_167' title='bbox 185 1963 284 2020; x_wconf 75' lang='lat' dir='ltr'><strong>minuis·</strong></span> <span class='ocrx_word' id='word_1_168' title='bbox 300 1961 421 2038; x_wconf 74' lang='lat' dir='ltr'><strong>congrue</strong></span> <span class='ocrx_word' id='word_1_169' title='bbox 435 1964 533 2041; x_wconf 79' lang='lat' dir='ltr'><strong>¹potnit</strong></span> <span class='ocrx_word' id='word_1_170' title='bbox 552 1980 615 2019; x_wconf 83' lang='lat' dir='ltr'><strong>conr</strong></span> <span class='ocrx_word' id='word_1_171' title='bbox 630 1961 757 2025; x_wconf 83' lang='lat' dir='ltr'><strong>Christus</strong></span> <span class='ocrx_word' id='word_1_172' title='bbox 781 1963 928 2039; x_wconf 84' lang='lat' dir='ltr'><strong>requirere,</strong></span> <span class='ocrx_word' id='word_1_173' title='bbox 947 1972 1023 2021; x_wconf 83' lang='lat' dir='ltr'><strong>etre-</strong></span> <span class='ocrx_word' id='word_1_174' title='bbox 1047 1990 1061 2045; x_wconf 60' lang='lat' dir='ltr'><strong>q</strong></span> 
     </span>
     <span class='ocr_line' id='line_1_23' title="bbox 115 2041 1061 2122; baseline 0.003 -22"><span class='ocrx_word' id='word_1_175' title='bbox 115 2045 335 2122; x_wconf 68' lang='lat' dir='ltr'><strong>quisivitqudm</strong></span> <span class='ocrx_word' id='word_1_176' title='bbox 346 2092 349 2097; x_wconf 96' lang='lat'>.</span> <span class='ocrx_word' id='word_1_177' title='bbox 362 2042 485 2101; x_wconf 81' lang='lat' dir='ltr'><strong>debitum</strong></span> <span class='ocrx_word' id='word_1_178' title='bbox 509 2044 628 2100; x_wconf 84' lang='lat' dir='ltr'><strong>rneteriae</strong></span> <span class='ocrx_word' id='word_1_179' title='bbox 649 2049 677 2099; x_wconf 89' lang='lat' dir='ltr'><strong>et</strong></span> <span class='ocrx_word' id='word_1_180' title='bbox 693 2041 1022 2122; x_wconf 74' lang='lat' dir='ltr'><strong>formu-eppiieetionom</strong></span> <span class='ocrx_word' id='word_1_181' title='bbox 1056 2050 1061 2113; x_wconf 64' lang='grc' dir='ltr'>ζ</span> 
     </span>
     <span class='ocr_line' id='line_1_24' title="bbox 113 2116 1061 2201; baseline 0.004 -20"><span class='ocrx_word' id='word_1_182' title='bbox 113 2133 143 2182; x_wconf 90' lang='lat' dir='ltr'><strong>et</strong></span> <span class='ocrx_word' id='word_1_183' title='bbox 165 2124 315 2201; x_wconf 79' lang='lat' dir='ltr'><strong>legitimum</strong></span> <span class='ocrx_word' id='word_1_184' title='bbox 339 2122 463 2181; x_wconf 88' lang='lat' dir='ltr'><strong>Ministri</strong></span> <span class='ocrx_word' id='word_1_185' title='bbox 483 2130 656 2201; x_wconf 79' lang='lat' dir='ltr'><strong>potestatem,</strong></span> <span class='ocrx_word' id='word_1_186' title='bbox 677 2123 746 2182; x_wconf 75' lang='lat' dir='ltr'><strong>licet</strong></span> <span class='ocrx_word' id='word_1_187' title='bbox 757 2143 796 2183; x_wconf 82' lang='lat' dir='ltr'><strong>ex</strong></span> <span class='ocrx_word' id='word_1_188' title='bbox 809 2142 905 2185; x_wconf 88' lang='lat' dir='ltr'><strong>eorum</strong></span> <span class='ocrx_word' id='word_1_189' title='bbox 920 2122 1024 2185; x_wconf 76' lang='lat' dir='ltr'><strong>deiectu</strong></span> <span class='ocrx_word' id='word_1_190' title='bbox 1058 2116 1061 2129; x_wconf 83' lang='lat'>&#39;</span> 
     </span>
     <span class='ocr_line' id='line_1_25' title="bbox 114 2202 899 2282; baseline 0.003 -19"><span class='ocrx_word' id='word_1_191' title='bbox 114 2204 228 2264; x_wconf 90' lang='lat' dir='ltr'><strong>occulto</strong></span> <span class='ocrx_word' id='word_1_192' title='bbox 240 2205 338 2263; x_wconf 86' lang='lat' dir='ltr'><strong>eedem</strong></span> <span class='ocrx_word' id='word_1_193' title='bbox 351 2212 502 2282; x_wconf 86' lang='lat' dir='ltr'><strong>sequentur</strong></span> <span class='ocrx_word' id='word_1_194' title='bbox 514 2202 700 2263; x_wconf 89' lang='lat' dir='ltr'><strong>incommode.</strong></span> <span class='ocrx_word' id='word_1_195' title='bbox 895 2258 899 2265; x_wconf 93' lang='lat'>.</span> 
     </span>
    </p>

    <p class='ocr_par' dir='ltr' id='par_1_6' title="bbox 119 2281 901 2364">
     <span class='ocr_line' id='line_1_26' title="bbox 119 2281 901 2364; baseline 0.005 -21"><span class='ocrx_word' id='word_1_196' title='bbox 119 2306 122 2311; x_wconf 93' lang='lat'>·</span> <span class='ocrx_word' id='word_1_197' title='bbox 153 2283 460 2364; x_wconf 23' lang='lat' dir='ltr'><strong>Caetereerobjectiones</strong></span> <span class='ocrx_word' id='word_1_198' title='bbox 473 2283 535 2342; x_wconf 87' lang='lat' dir='ltr'><strong>vide</strong></span> <span class='ocrx_word' id='word_1_199' title='bbox 548 2282 622 2361; x_wconf 86' lang='lat' dir='ltr'><strong>epud</strong></span> <span class='ocrx_word' id='word_1_200' title='bbox 638 2281 790 2343; x_wconf 84' lang='lat' dir='ltr'><strong>Anthores.</strong></span> <span class='ocrx_word' id='word_1_201' title='bbox 819 2338 822 2343; x_wconf 94' lang='lat'>.</span> <span class='ocrx_word' id='word_1_202' title='bbox 861 2308 865 2317; x_wconf 90' lang='lat'>·</span> <span class='ocrx_word' id='word_1_203' title='bbox 896 2340 901 2347; x_wconf 90' lang='lat'><em>.</em></span> 
     </span>
    </p>

    <p class='ocr_par' dir='ltr' id='par_1_7' title="bbox 111 2364 1061 2766">
     <span class='ocr_line' id='line_1_27' title="bbox 122 2364 1061 2446; baseline 0.001 -22"><span class='ocrx_word' id='word_1_204' title='bbox 122 2406 125 2411; x_wconf 93' lang='lat'>-</span> <span class='ocrx_word' id='word_1_205' title='bbox 154 2366 390 2444; x_wconf 81' lang='lat' dir='ltr'><strong>NotetSteyeert,</strong></span> <span class='ocrx_word' id='word_1_206' title='bbox 413 2369 487 2442; x_wconf 77' lang='lat' dir='ltr'><strong>quud</strong></span> <span class='ocrx_word' id='word_1_207' title='bbox 501 2364 537 2423; x_wconf 89' lang='lat' dir='ltr'><strong>de</strong></span> <span class='ocrx_word' id='word_1_208' title='bbox 549 2366 702 2422; x_wconf 86' lang='lat' dir='ltr'><strong>intentione</strong></span> <span class='ocrx_word' id='word_1_209' title='bbox 715 2366 817 2442; x_wconf 75' lang='lat' dir='ltr'><strong>partim</strong></span> <span class='ocrx_word' id='word_1_210' title='bbox 832 2364 936 2426; x_wconf 63' lang='lat' dir='ltr'><strong>diserte</strong></span> <span class='ocrx_word' id='word_1_211' title='bbox 944 2369 1027 2446; x_wconf 79' lang='lat' dir='ltr'><strong>&#39;egerit</strong></span> <span class='ocrx_word' id='word_1_212' title='bbox 1053 2400 1061 2425; x_wconf 91' lang='lat'><strong>.-</strong></span> 
     </span>
     <span class='ocr_line' id='line_1_28' title="bbox 113 2443 1028 2525; baseline 0.003 -19"><span class='ocrx_word' id='word_1_213' title='bbox 113 2448 276 2524; x_wconf 79' lang='lat' dir='ltr'><strong>entiquites;</strong></span> <span class='ocrx_word' id='word_1_214' title='bbox 295 2445 462 2525; x_wconf 76' lang='lat' dir='ltr'><strong>speculative</strong></span> <span class='ocrx_word' id='word_1_215' title='bbox 484 2443 608 2524; x_wconf 77' lang='lat' dir='ltr'><strong>quidem,</strong></span> <span class='ocrx_word' id='word_1_216' title='bbox 631 2447 696 2523; x_wconf 87' lang='lat' dir='ltr'><strong>quie</strong></span> <span class='ocrx_word' id='word_1_217' title='bbox 709 2445 767 2504; x_wconf 80' lang='lat' dir='ltr'><strong>&#39;diu</strong></span> <span class='ocrx_word' id='word_1_218' title='bbox 793 2447 863 2505; x_wconf 83' lang='lat' dir='ltr'><strong>nulli</strong></span> <span class='ocrx_word' id='word_1_219' title='bbox 890 2449 1028 2509; x_wconf 83' lang='lat' dir='ltr'><strong>circu-hoc</strong></span> 
     </span>
     <span class='ocr_line' id='line_1_29' title="bbox 112 2526 1026 2605; baseline 0.004 -21"><span class='ocrx_word' id='word_1_220' title='bbox 112 2529 164 2585; x_wconf 91' lang='lat' dir='ltr'><strong>orti</strong></span> <span class='ocrx_word' id='word_1_221' title='bbox 185 2532 250 2586; x_wconf 83' lang='lat' dir='ltr'><strong>s&#39;unt</strong></span> <span class='ocrx_word' id='word_1_222' title='bbox 270 2546 378 2599; x_wconf 81' lang='lat' dir='ltr'><strong>errores,</strong></span> <span class='ocrx_word' id='word_1_223' title='bbox 398 2526 520 2605; x_wconf 75' lang='lat' dir='ltr'><strong>practice</strong></span> <span class='ocrx_word' id='word_1_224' title='bbox 532 2543 614 2594; x_wconf 85' lang='lat' dir='ltr'><strong>¹uem,</strong></span> <span class='ocrx_word' id='word_1_225' title='bbox 635 2527 702 2603; x_wconf 83' lang='lat' dir='ltr'><strong>quie</strong></span> <span class='ocrx_word' id='word_1_226' title='bbox 723 2536 756 2585; x_wconf 89' lang='lat' dir='ltr'><strong>ut</strong></span> <span class='ocrx_word' id='word_1_227' title='bbox 774 2546 843 2587; x_wconf 87' lang='lat' dir='ltr'><strong>mox</strong></span> <span class='ocrx_word' id='word_1_228' title='bbox 857 2526 966 2587; x_wconf 89' lang='lat' dir='ltr'><strong>dictum</strong></span> <span class='ocrx_word' id='word_1_229' title='bbox 980 2537 1026 2589; x_wconf 82' lang='lat' dir='ltr'><strong>eet</strong></span> 
     </span>
     <span class='ocr_line' id='line_1_30' title="bbox 111 2605 1028 2747; baseline 0.008 -83"><span class='ocrx_word' id='word_1_230' title='bbox 111 2609 160 2747; x_wconf 81' lang='lat' dir='ltr'><strong>¹virs</strong></span> <span class='ocrx_word' id='word_1_231' title='bbox 174 2610 192 2666; x_wconf 74' lang='grc' dir='ltr'>ὰ</span> <span class='ocrx_word' id='word_1_232' title='bbox 206 2605 340 2669; x_wconf 83' lang='lat' dir='ltr'><strong>Ministrie</strong></span> <span class='ocrx_word' id='word_1_233' title='bbox 353 2607 400 2667; x_wconf 91' lang='lat' dir='ltr'><strong>hic</strong></span> <span class='ocrx_word' id='word_1_234' title='bbox 414 2608 497 2667; x_wconf 79' lang='lat' dir='ltr'><strong>errari</strong></span> <span class='ocrx_word' id='word_1_235' title='bbox 511 2613 598 2687; x_wconf 82' lang='lat' dir='ltr'><strong>potest</strong></span> <span class='ocrx_word' id='word_1_236' title='bbox 609 2608 661 2665; x_wconf 82' lang='lat' dir='ltr'><strong>uisi</strong></span> <span class='ocrx_word' id='word_1_237' title='bbox 674 2605 863 2685; x_wconf 71' lang='lat' dir='ltr'><strong>plenededitn</strong></span> <span class='ocrx_word' id='word_1_238' title='bbox 876 2611 1028 2688; x_wconf 60' lang='lat' dir='ltr'><strong>operimu-</strong></span> 
     </span>
     <span class='ocr_line' id='line_1_31' title="bbox 122 2688 993 2766; baseline 0.001 -20"><span class='ocrx_word' id='word_1_239' title='bbox 122 2688 313 2766; x_wconf 76' lang='lat' dir='ltr'><strong>ignantibus.·</strong></span> <span class='ocrx_word' id='word_1_240' title='bbox 519 2691 520 2695; x_wconf 72' lang='grc'>’</span> <span class='ocrx_word' id='word_1_241' title='bbox 684 2734 688 2741; x_wconf 85' lang='grc'><strong>.</strong></span> <span class='ocrx_word' id='word_1_242' title='bbox 854 2746 857 2750; x_wconf 82' lang='grc'><em>,</em></span> <span class='ocrx_word' id='word_1_243' title='bbox 883 2742 886 2749; x_wconf 92' lang='grc'><em>,</em></span> <span class='ocrx_word' id='word_1_244' title='bbox 918 2722 941 2747; x_wconf 88' lang='grc'><strong>-.</strong></span> <span class='ocrx_word' id='word_1_245' title='bbox 970 2722 993 2747; x_wconf 82' lang='grc'><strong>.;</strong></span> 
     </span>
    </p>
   </div>
   <div class='ocr_carea' id='block_1_3' title="bbox 114 2824 1029 3029">
    <p class='ocr_par' dir='ltr' id='par_1_8' title="bbox 114 2824 1029 3029">
     <span class='ocr_line' id='line_1_32' title="bbox 114 2824 1029 2933; baseline -0.004 -6"><span class='ocrx_word' id='word_1_246' title='bbox 114 2871 154 2929; x_wconf 79' lang='lat' dir='ltr'><strong>n.</strong></span> <span class='ocrx_word' id='word_1_247' title='bbox 182 2870 230 2927; x_wconf 81' lang='lat'><strong>41.</strong></span> <span class='ocrx_word' id='word_1_248' title='bbox 253 2871 311 2930; x_wconf 82' lang='lat' dir='ltr'><strong>on</strong></span> <span class='ocrx_word' id='word_1_249' title='bbox 332 2868 610 2930; x_wconf 82' lang='lat' dir='ltr'><strong>rnrnnmonu</strong></span> <span class='ocrx_word' id='word_1_250' title='bbox 639 2868 866 2929; x_wconf 78' lang='lat' dir='ltr'><strong>nxnmcrrn</strong></span> <span class='ocrx_word' id='word_1_251' title='bbox 888 2872 946 2931; x_wconf 80' lang='lat' dir='ltr'><strong>nn</strong></span> <span class='ocrx_word' id='word_1_252' title='bbox 967 2824 1029 2933; x_wconf 81' lang='lat' dir='ltr'><strong>rin.</strong></span> 
     </span>
     <span class='ocr_line' id='line_1_33' title="bbox 154 2948 989 3029; baseline 0.01 -21"><span class='ocrx_word' id='word_1_253' title='bbox 154 2948 318 3010; x_wconf 79' lang='lat' dir='ltr'><strong>nurcrrn</strong></span> <span class='ocrx_word' id='word_1_254' title='bbox 347 2948 628 3011; x_wconf 82' lang='lat' dir='ltr'><strong>conrrcruunr</strong></span> <span class='ocrx_word' id='word_1_255' title='bbox 650 2949 989 3029; x_wconf 79' lang='lat' dir='ltr'><strong>sncnnmnnrnu.</strong></span> 
     </span>
    </p>
   </div>
   <div class='ocr_carea' id='block_1_4' title="bbox 113 3120 1032 3539">
    <p class='ocr_par' dir='ltr' id='par_1_9' title="bbox 113 3120 1032 3359">
     <span class='ocr_line' id='line_1_34' title="bbox 113 3120 1031 3212; baseline 0.008 -21"><span class='ocrx_word' id='word_1_256' title='bbox 113 3124 137 3191; x_wconf 88' lang='lat' dir='ltr'><strong>I.</strong></span> <span class='ocrx_word' id='word_1_257' title='bbox 161 3131 274 3212; x_wconf 76' lang='lat' dir='ltr'><strong>Sufficit</strong></span> <span class='ocrx_word' id='word_1_258' title='bbox 289 3120 418 3189; x_wconf 55' lang='lat' dir='ltr'><strong>&gt;intentio</strong></span> <span class='ocrx_word' id='word_1_259' title='bbox 445 3129 596 3211; x_wconf 77' lang='lat' dir='ltr'><strong>implicita.</strong></span> <span class='ocrx_word' id='word_1_260' title='bbox 637 3130 676 3189; x_wconf 89' lang='grc' dir='ltr'><strong>ΙΙ.</strong></span> <span class='ocrx_word' id='word_1_261' title='bbox 709 3132 802 3198; x_wconf 82' lang='lat' dir='ltr'><strong>Quam</strong></span> <span class='ocrx_word' id='word_1_262' title='bbox 825 3122 884 3195; x_wconf 79' lang='lat' dir='ltr'><strong>nnn</strong></span> <span class='ocrx_word' id='word_1_263' title='bbox 902 3136 1031 3201; x_wconf 73' lang='lat' dir='ltr'><strong>excludit</strong></span> 
     </span>
     <span class='ocr_line' id='line_1_35' title="bbox 151 3210 1028 3291; baseline 0.011 -21"><span class='ocrx_word' id='word_1_264' title='bbox 151 3232 233 3287; x_wconf 80' lang='lat' dir='ltr'><strong>error</strong></span> <span class='ocrx_word' id='word_1_265' title='bbox 243 3214 327 3291; x_wconf 76' lang='lat' dir='ltr'><strong>circu·</strong></span> <span class='ocrx_word' id='word_1_266' title='bbox 336 3210 562 3271; x_wconf 78' lang='lat' dir='ltr'><strong>Sacramentum.</strong></span> <span class='ocrx_word' id='word_1_267' title='bbox 605 3211 659 3270; x_wconf 90' lang='lat' dir='ltr'>III.</span> <span class='ocrx_word' id='word_1_268' title='bbox 686 3210 742 3270; x_wconf 88' lang='lat' dir='ltr'><strong>Vel</strong></span> <span class='ocrx_word' id='word_1_269' title='bbox 760 3216 839 3274; x_wconf 84' lang='lat' dir='ltr'><strong>circo</strong></span> <span class='ocrx_word' id='word_1_270' title='bbox 853 3214 1028 3291; x_wconf 74' lang='lat' dir='ltr'><strong>Ecclesiam.</strong></span> 
     </span>
     <span class='ocr_line' id='line_1_36' title="bbox 152 3292 1032 3359; baseline 0.009 -7"><span class='ocrx_word' id='word_1_271' title='bbox 152 3292 209 3352; x_wconf 87' lang='lat' dir='ltr'><strong>IV.</strong></span> <span class='ocrx_word' id='word_1_272' title='bbox 225 3292 289 3352; x_wconf 85' lang='lat' dir='ltr'><strong>Nec</strong></span> <span class='ocrx_word' id='word_1_273' title='bbox 300 3295 424 3350; x_wconf 75' lang='lat' dir='ltr'><strong>intentio</strong></span> <span class='ocrx_word' id='word_1_274' title='bbox 436 3294 582 3350; x_wconf 84' lang='lat' dir='ltr'><strong>contraria</strong></span> <span class='ocrx_word' id='word_1_275' title='bbox 602 3310 731 3352; x_wconf 79' lang='lat' dir='ltr'><strong>erronea.</strong></span> <span class='ocrx_word' id='word_1_276' title='bbox 773 3294 811 3353; x_wconf 89' lang='lat' dir='ltr'><strong>V.</strong></span> <span class='ocrx_word' id='word_1_277' title='bbox 831 3295 890 3355; x_wconf 83' lang='lat' dir='ltr'><strong>Vel</strong></span> <span class='ocrx_word' id='word_1_278' title='bbox 900 3298 1032 3359; x_wconf 63' lang='lat' dir='ltr'><strong>mutendi</strong></span> 
     </span>
    </p>

    <p class='ocr_par' dir='ltr' id='par_1_10' title="bbox 118 3368 1030 3539">
     <span class='ocr_line' id='line_1_37' title="bbox 118 3368 1030 3441; baseline 0.008 -11"><span class='ocrx_word' id='word_1_279' title='bbox 118 3372 121 3378; x_wconf 86' lang='grc'><strong>’</strong></span> <span class='ocrx_word' id='word_1_280' title='bbox 149 3372 350 3433; x_wconf 73' lang='lat' dir='ltr'><strong>Sacramenta.</strong></span> <span class='ocrx_word' id='word_1_281' title='bbox 398 3370 454 3432; x_wconf 84' lang='lat' dir='ltr'><strong>Vl.</strong></span> <span class='ocrx_word' id='word_1_282' title='bbox 481 3368 612 3433; x_wconf 73' lang='lat' dir='ltr'><strong>Intentio</strong></span> <span class='ocrx_word' id='word_1_283' title='bbox 641 3373 720 3433; x_wconf 81' lang='lat' dir='ltr'><strong>dedet</strong></span> <span class='ocrx_word' id='word_1_284' title='bbox 746 3392 807 3433; x_wconf 78' lang='lat' dir='ltr'><strong>enee</strong></span> <span class='ocrx_word' id='word_1_285' title='bbox 833 3368 1030 3441; x_wconf 69' lang='lat' dir='ltr'><strong>determinata.</strong></span> 
     </span>
     <span class='ocr_line' id='line_1_38' title="bbox 150 3452 815 3539; baseline 0.002 -26"><span class='ocrx_word' id='word_1_286' title='bbox 150 3452 223 3516; x_wconf 82' lang='lat' dir='ltr'>VII,</span> <span class='ocrx_word' id='word_1_287' title='bbox 246 3452 355 3513; x_wconf 77' lang='lat' dir='ltr'><strong>Saltem</strong></span> <span class='ocrx_word' id='word_1_288' title='bbox 369 3454 466 3539; x_wconf 82' lang='lat' dir='ltr'><strong>quoad</strong></span> <span class='ocrx_word' id='word_1_289' title='bbox 477 3456 626 3513; x_wconf 71' lang='lat' dir='ltr'><strong>materiam</strong></span> <span class='ocrx_word' id='word_1_290' title='bbox 638 3464 815 3537; x_wconf 80' lang='lat' dir='ltr'><strong>presentem.</strong></span> 
     </span>
    </p>
   </div>
   <div class='ocr_carea' id='block_1_5' title="bbox 148 3632 1061 3719">
    <p class='ocr_par' dir='ltr' id='par_1_11' title="bbox 148 3632 1061 3719">
     <span class='ocr_line' id='line_1_39' title="bbox 148 3632 1061 3719; baseline 0.012 -24"><span class='ocrx_word' id='word_1_291' title='bbox 148 3634 195 3695; x_wconf 76' lang='lat' dir='ltr'><strong>An</strong></span> <span class='ocrx_word' id='word_1_292' title='bbox 222 3632 259 3696; x_wconf 87' lang='lat' dir='ltr'><strong>ed</strong></span> <span class='ocrx_word' id='word_1_293' title='bbox 292 3635 489 3717; x_wconf 84' lang='lat' dir='ltr'><strong>perfectionem</strong></span> <span class='ocrx_word' id='word_1_294' title='bbox 523 3636 697 3698; x_wconf 81' lang='lat' dir='ltr'><strong>Sacramenti</strong></span> <span class='ocrx_word' id='word_1_295' title='bbox 731 3639 877 3719; x_wconf 90' lang='lat' dir='ltr'><strong>requiritur</strong></span> <span class='ocrx_word' id='word_1_296' title='bbox 911 3645 1029 3705; x_wconf 88' lang='lat' dir='ltr'><strong>intentio</strong></span> <span class='ocrx_word' id='word_1_297' title='bbox 1057 3640 1061 3673; x_wconf 74' lang='lat'><strong><em>⁴</em></strong></span> 
     </span>
    </p>
   </div>
   <div class='ocr_carea' id='block_1_6' title="bbox 0 0 1070 3990">
    <p class='ocr_par' dir='ltr' id='par_1_12' title="bbox 0 0 1070 3990">
     <span class='ocr_line' id='line_1_40' title="bbox 0 0 1070 3990; baseline 0 0"><span class='ocrx_word' id='word_1_298' title='bbox 0 0 1070 3990; x_wconf 95' lang='lat' dir='ltr'><strong> </strong></span> 
     </span>
    </p>
   </div>
  </div>
 </body>
</html>
