2130 3990
367 207 408 250 oa
422 205 594 263 succincto
608 205 710 250 uraca.
886 219 896 236 .
940 190 1000 261 4113

14 335 23 375 Ι
68 360 160 432 potest
185 373 242 415 non
270 352 361 423 solum
382 350 545 424 bouefides,
572 354 631 433 qut
648 351 701 412 sibi
711 370 870 430 persuasum
895 351 1001 414 habent

67 433 127 496 boc
140 436 234 507 licere,
254 435 306 493 sod
332 436 417 493 etism
444 433 622 495 confessionis
635 432 763 501 brevitas,
784 443 833 491 aut
845 436 1000 503 communis

13 509 18 544 '³
64 522 196 598 respectu
210 516 335 597 plurium·
343 518 492 576 neceesitas
505 513 554 576 illo
563 525 689 595 tempore
702 514 871 574 confitendi.-

111 679 153 736 N.
168 679 216 736 21.
234 677 292 736 aa
307 672 455 737 causis
476 675 530 734 ΑΒ
553 627 797 738 auerriouu
819 675 958 735 Misera
986 647 989 655 ’

365 757 702 830 axcosaurwus.

57 877 90 975 I.
106 918 263 990 Excusant
276 919 476 981 obauditoone
487 902 598 991 Miaoae,
615 917 656 980 ΙΙ.
672 918 848 998 Impotentia
860 920 995 998 physica,

107 1000 164 1059 III.
181 1001 363 1080 Impotentc’a
385 1001 563 1080 spirituales,
597 1000 651 1059 IV.
668 1000 846 1079 Impotento'a
866 1001 996 1074 rnoralis,

36 1097 39 1102 ·
107 1081 146 1139 V.
180 1080 334 1159 Oblr'gatio
362 1084 527 1153 charitatis,
550 1081 604 1140 VI.
631 1080 786 1159 Odla’gatc'o
809 1083 903 1162 offleii,
924 1082 996 1141 VII.

111 1163 304 1223 Consuetudo.
327 1164 414 1226 VIII.
443 1166 531 1231 Bono
546 1163 624 1240 fides
651 1166 918 1240 cccuaotdgrove‘,
943 1163 996 1221 IX.

106 1244 178 1304 Non
186 1243 255 1303 licet
266 1247 424 1322 airrejuata
438 1264 528 1305 cauco
536 1264 645 1323 ponere
653 1246 888 1324 impedimentum
903 1244 997 1303 obaer-

106 1327 218 1386 vatiam
226 1326 307 1404 legia
321 1324 453 1406 lataepro
466 1334 592 1405 tempore
604 1329 740 1406 sequenti
750 1325 922 1404 obligantis.

105 1488 195 1557 Quor
210 1496 278 1547 sunt
291 1504 382 1548 causae
396 1494 563 1549 excusantes
577 1487 614 1549 ab
627 1486 771 1549 auditione
786 1487 908 1547 Missa?

106 1568 131 1627 1.
148 1569 185 1628 R.
201 1568 327 1648 Allegari
352 1570 441 1629 soleat
452 1578 583 1649 quatuor,
609 1570 780 1650 impotentia,
802 1569 933 1643 ebaritas,
954 1572 994 1629 of-

60 1649 161 1709 ficium
176 1657 205 1711 et
218 1649 409 1710 consuetudo:
431 1650 533 1730 triplex
548 1659 641 1731 potest
667 1650 798 1728 distingui
813 1652 993 1730 impotentia;

61 1730 184 1808 physica
203 1730 321 1800 scilicet,
339 1731 500 1811 spiritualis,
515 1739 544 1791 et
556 1729 676 1791 moralis.

104 1810 146 1872 II.
164 1812 286 1871 Ratione
299 1813 472 1892 impotentia
485 1813 618 1892 physica,
638 1830 700 1891 qua
713 1812 788 1870 vinci
800 1810 929 1872 absolute
943 1834 990 1872 ne·

60 1895 132 1972 quit
156 1901 325 1953 excusantur
335 1895 505 1968 incarcerati,
526 1895 595 1973 aegri
608 1891 815 1965 decumbentes,
836 1895 995 1971 navigantes

60 1975 92 2034 ia
107 1974 186 2047 mari,
205 1983 256 2035 aut
268 1973 402 2054 degentes
425 1975 454 2033 iu
467 1973 537 2035 locis
549 1973 705 2035 infidelium
726 1991 775 2031 scu
790 1973 994 2047 baereticorum,

60 2055 89 2112 iu
119 2054 219 2132 quibus
245 2070 300 2115 non
326 2055 483 2115 celebratur
511 2056 619 2115 Missa:
639 2053 678 2114 ed
700 2056 892 2132 impotentiam
907 2059 992 2114 etiam

59 2133 158 2195 reduci
172 2143 266 2215 potest
278 2136 456 2216 inculpabilis
468 2136 629 2216 ignorantia
641 2135 686 2196 vel
698 2134 909 2196 inadvertontia.

100 2217 134 2275 Si
148 2225 241 2276 tamen
267 2219 332 2296 aegri
346 2217 449 2277 debitis
462 2217 500 2279 ad
513 2217 721 2297 recuperandas
735 2217 806 2274 vires
819 2217 919 2276 modiis
933 2237 989 2277 nou

58 2303 186 2371 utantur,
208 2301 246 2358 rei
259 2299 331 2358 fiunt
343 2300 500 2359 omissionis
512 2299 620 2359 Missas.

101 2377 238 2450 Observa,
258 2380 401 2458 quomodo
428 2399 509 2459 eger,
528 2382 553 2440 si
576 2379 680 2440 habeat
694 2379 846 2439 oratorium
860 2378 991 2439 domesti-

58 2479 135 2530 cum,
158 2466 186 2521 ct
199 2461 223 2518 si
236 2461 296 2519 siue
308 2461 427 2521 notabili
441 2460 620 2521 incommodo
634 2461 820 2540 supervenire
834 2462 928 2537 possit,
949 2472 988 2519 te

23 2607 25 2610 y
57 2548 158 2600 ceatur
172 2560 278 2615 curare,
299 2551 332 2600 ut
358 2541 495 2601 Sacerdos
520 2542 623 2621 aIIquis
638 2541 742 2602 ibidem
756 2541 892 2600 celebret:
915 2541 991 2600 aliud

24 2621 27 2627 '
56 2619 140 2693 foret,
159 2623 183 2680 si
210 2642 276 2680 cum
298 2626 374 2701 gravi
400 2621 549 2702 dispondio
575 2622 604 2683 id
631 2621 723 2682 facere
749 2631 899 2694 teneretur,
919 2644 945 2681 v.
961 2642 988 2699 g.

56 2700 173 2780 quando
195 2704 257 2782 quis
284 2703 425 2764 habitaret
448 2706 477 2763 iu
505 2712 594 2765 castro
613 2704 698 2764 rurali
709 2702 747 2763 ad
760 2702 850 2782 plures
863 2704 989 2761 leucasi

56 2783 213 2844 civitatibus
227 2784 333 2852 dissito,
342 2793 437 2846 etnou
448 2792 542 2866 posset
555 2786 607 2845 uisi
617 2784 688 2863 egre
703 2793 734 2842 et
744 2785 988 2862 magniaexpansis

55 2863 197 2924 Sacerdos
210 2865 316 2924 haberi.

99 2945 189 3018 Nota,
210 2945 284 3025 quod
310 2945 372 3006 sine
389 2944 468 3024 justa
480 2965 567 3007 causa
579 2967 635 3007 nou
658 2945 741 3006 liceat
754 2964 856 3026 ponere
870 2946 986 3024 impedi·

56 3034 154 3086 menta
179 3026 362 3087 observationi
388 3029 527 3106 precepti,
550 3030 635 3088 etiam
651 3036 800 3105 antequam
816 3035 987 3105 preceptum

56 3107 178 3184 obliget:
200 3109 277 3167 aliud
290 3117 342 3182 est,
360 3109 384 3167 si
404 3107 484 3185 jueta
497 3129 582 3168 causa
595 3107 741 3174 habeatur,
763 3111 892 3184 quesitas
906 3126 986 3166 occa·

54 3189 134 3246 sione
147 3190 274 3268 exempli
286 3188 322 3248 de
335 3189 529 3267 navigantibus
556 3191 596 3255 ita
608 3189 730 3268 loquitur
743 3187 890 3266 Steyaert:
912 3191 986 3246 “no·

56 3266 183 3340 tandum,
204 3269 277 3348 qubd
299 3271 351 3330 etsi
365 3273 426 3350 quia
438 3271 467 3329 iu
480 3269 609 3331 fraudem
622 3289 653 3329 oe
667 3289 771 3350 ponere
784 3289 841 3328 non
856 3271 944 3347 possit
958 3270 985 3327 iu

55 3351 93 3408 im
132 3352 217 3408 tentia
227 3358 394 3430 preceptum
408 3350 524 3430 aliquod
539 3352 677 3411 Ecclesia
686 3349 867 3428 adimplendi,
891 3359 985 3407 minen

54 3448 90 3488 ea
111 3448 155 3488 em
188 3430 315 3491 Ecclesia
329 3431 464 3511 impedire
491 3431 634 3492 nouvelle
653 3441 801 3493 censeatur
813 3429 986 3490 subditorum
