2130 3990
111 166 175 263 283
505 186 686 239 caucaseos
702 220 705 225 .

112 435 153 494 N.
168 432 218 494 26.
235 434 293 495 DE
314 431 629 497 ACCIDENTIBUS
649 433 774 496 PANIS
790 436 847 496 ΕΤ
863 433 1027 497 v1N11rn
1064 401 1065 409 ἵ

426 513 725 578 MANENTIBUS.
1057 569 1062 581 „

244 717 276 776 S.
294 717 395 777 Tkom.
410 732 508 797 quest.
525 716 575 777 75.
592 727 648 778 art.
662 719 692 778 5.
707 727 736 778 et
749 724 845 799 quest.
861 715 912 779 77.

109 894 134 958 I.
157 899 324 959 Remanent
338 902 509 958 accidentia
523 898 631 974 Panis,
650 903 700 975 erc.
743 897 784 958 11.
802 898 848 958 Ob
862 904 963 959 cariae
974 921 1025 961 coa·

148 982 315 1058 generatinis,
336 981 395 1039 ΙΙΙ.
423 988 452 1040 et
467 981 565 1060 jueta
581 981 615 1041 S.
633 980 732 1040 Tlrom.
748 985 883 1040 existunt
896 982 1024 1042 sinceri-

136 1065 232 1140 jeoto.
275 1061 330 1120 IV.
346 1059 516 1141 Nonjneta
531 1060 733 1140 philosophos.
776 1061 813 1120 V.
830 1063 954 1141 Species
968 1067 1024 1123 tien

137 1142 261 1222 flectunt
271 1163 308 1202 nc
324 1143 419 1202 Panis
430 1141 606 1202 substantia.

149 1346 171 1404 l.
188 1345 290 1407 Ficus
304 1344 527 1416 consecratione,
543 1344 700 1407 accidentia
713 1347 811 1406 omnia
825 1345 913 1407 Panis
927 1353 955 1408 et
968 1344 1024 1408 Vini

109 1430 173 1501 (seu
186 1427 287 1488 horum
301 1425 420 1509 species)
445 1447 600 1499 remanere,
622 1436 652 1486 ct
674 1426 745 1487 fides
765 1435 795 1487 et
805 1447 905 1487 sensus
919 1427 1022 1502 docent;

104 1518 220 1568 manent
233 1511 308 1568 enim
321 1507 422 1568 eedem
435 1506 613 1588 magnitudo,
634 1505 711 1566 idem
725 1507 809 1583 color,
829 1529 922 1590 sapor,
943 1508 992 1571 &a

145 1588 185 1647 11.
200 1591 250 1650 Sic
276 1598 371 1650 autem
393 1586 521 1650 Christus
547 1588 658 1668 Corpus
672 1609 753 1648 suum
767 1597 797 1648 et
810 1590 984 1669 Sanguinem
1000 1594 1024 1652 in

106 1669 287 1732 Eucharistia
306 1670 375 1730 dere
394 1671 481 1730 voluit
494 1679 556 1729 tum
568 1671 606 1730 ad
621 1669 755 1750 Mysterii
767 1672 853 1731 ritum
873 1679 903 1732 et
912 1691 1024 1732 revereo-

104 1751 183 1821 tiam,
205 1759 264 1811 tum
288 1750 325 1811 ad
350 1749 432 1811 Fidei
452 1754 592 1824 meritum,
613 1760 674 1810 tum
699 1750 737 1810 ad
751 1752 928 1812 Sacramenti
940 1773 1024 1813 conve·

103 1835 227 1891 nientem
241 1852 331 1892 usum.
1007 1828 1011 1837 ¹

143 1911 293 1982 Quomodo
303 1911 511 1974 remanentilla
520 1912 687 1987 accidentia,
702 1912 769 1974 oiim
779 1913 935 1977 substantia
948 1914 1024 1977 Pani·

102 1996 131 2051 ot
145 1992 214 2053 Vini
229 2015 284 2056 uon
295 1992 463 2054 remaneat?

142 2075 200 2132 ΙΙΙ.
225 2074 264 2134 R.
288 2076 319 2134 S.
346 2076 475 2135 Thomas
499 2080 595 2154 quaest.
610 2072 658 2132 77.
683 2083 732 2134 art.
751 2079 775 2134 1.
792 2075 862 2135 dicit
877 2075 1024 2138 accidenti

102 2154 152 2215 illa
176 2159 204 2216 io
220 2157 403 2217 Sacrameoto
418 2156 524 2215 Divina
544 2154 657 2216 Virtute
672 2157 819 2216 subsistere
843 2165 928 2216 extra
949 2176 1025 2218 omne

99 2235 267 2316 subjectum.
310 2238 355 2298 Ita
369 2239 444 2296 enim
459 2239 551 2316 plures
572 2235 709 2314 i'heologi
723 2237 906 2297 conformiter
918 2237 955 2298 ad
968 2260 1023 2299 oon·

100 2316 310 2379 demnationem
333 2317 417 2395 hujus
445 2318 551 2377 articuli
577 2317 696 2376 Joaunis
724 2318 846 2378 Wicleff
859 2321 890 2378 in
905 2319 1022 2381 Concilio
1057 2360 1058 2365 κ

100 2396 327 2458 constantiensi:
349 2399 524 2458 Accidente'a
554 2397 654 2456 Panis
676 2404 705 2456 et
722 2399 868 2460 Ve'rn'non
883 2407 1023 2462 remanent
1049 2430 1061 2450 s

98 2481 162 2537 eine
171 2479 300 2559 subjecto
316 2484 346 2540 in
364 2479 554 2538 sacramento
571 2477 694 2538 Altaria

141 2560 222 2619 Dicit
236 2571 331 2620 tamen
352 2559 385 2620 S.
407 2560 536 2620 Thomas
557 2559 657 2618 eidem
678 2566 775 2638 quaesl.
788 2568 838 2621 art
852 2561 883 2619 2.
898 2565 927 2622 in
945 2563 1019 2641 Cory.
1051 2597 1065 2612 »ι

98 2639 188 2699 solam
203 2644 386 2722 quantitatem
401 2642 522 2700 existere
535 2640 595 2699 sine
615 2639 752 2717 subjecto,
767 2652 869 2701 caetera
883 2646 948 2701 verri
960 2646 1019 2703 aeci·
1057 2677 1065 2692 ·

96 2719 194 2860 gentis
219 2724 340 2783 existere
360 2727 389 2781 in
414 2724 572 2799 quantitate
595 2729 728 2800 tauquam
742 2725 771 2781 in
784 2723 913 2802 subjecto
932 2727 1019 2784 imme·
1044 2700 1065 2828 Ξ

116 2804 183 2860 iato.

138 2880 193 2944 IV.
211 2884 392 2944 Recentiores
405 2881 579 2962 Philosophi,
602 2884 731 2962 quicum
753 2883 903 2943 Carthasio
917 2893 1018 2962 negant,

96 2962 155 3023 dari
179 2965 311 3025 accidens
338 2967 441 3025 strictae
468 2966 599 3037 antitistis,
621 2972 651 3021 et
665 2975 745 3022 extra
772 2985 854 3023 omne
869 2963 1018 3043 subjectum
1048 3005 1049 3009 =

96 3047 228 3114 existens,
250 3047 357 3113 dicunt,
379 3047 428 3104 illa
440 3045 596 3104 accidentia
614 3043 763 3122 subjecturi
776 3048 805 3103 in
820 3050 887 3104 aere
901 3055 931 3105 et
944 3049 1018 3105 seusi-
1050 3083 1065 3092 —

95 3125 147 3185 bus
160 3129 278 3186 nostris:
301 3126 458 3185 Concilium
483 3134 579 3184 autem
609 3123 820 3185 Constantiense
836 3132 945 3186 tentrim
957 3125 1017 3187 defi·
1049 3139 1065 3176 Ἰ

95 3210 194 3266 nivisse
208 3206 367 3266 accidentia
380 3206 429 3264 illa
443 3225 555 3264 manere
568 3206 630 3263 sine
645 3206 778 3284 subjecto,
801 3207 877 3286 quod
888 3215 930 3268 est
940 3207 1017 3267 Panis

95 3297 126 3346 ct
138 3289 255 3363 Vinum,
275 3287 455 3348 conformiter
468 3287 504 3344 ed
518 3294 642 3344 mentem
655 3287 781 3347 Wioleff.
1048 3337 1050 3340 ,

135 3370 212 3432 Quid
233 3389 315 3450 agere
328 3376 357 3428 et
370 3370 428 3447 pati
443 3375 559 3448 possunt
571 3369 676 3446 species
690 3372 717 3428 in
733 3372 922 3430 Sacramento
936 3389 1016 3430 rema·

94 3450 222 3510 nentes?
1048 3489 1060 3496 -

135 3530 174 3590 V.
192 3534 228 3590 R.
245 3530 423 3592 Generaliter
437 3547 520 3588 omne
533 3531 615 3606 illud,
636 3531 709 3613 quod
723 3552 807 3612 agere
818 3538 912 3611 posset
925 3540 955 3591 et
969 3531 1018 3609 peti
1047 3509 1065 3554 ¹

94 3612 249 3674 substantia
263 3613 349 3674 Panis
372 3613 493 3681 etvini,
513 3614 538 3670 si
559 3612 655 3673 adhuc
669 3613 795 3674 adesset:
816 3621 845 3673 et
857 3616 898 3672 sic
917 3613 1017 3692 species
