2130 3990
60 167 101 225 44
259 193 262 203 ¹
432 181 612 229 aucturus

104 327 140 386 R.
156 325 328 386 Affirmative
339 345 345 381 ι
356 326 425 385 licet
437 325 492 386 hoc
506 347 560 388 non
572 326 643 386 adco
651 329 813 401 certumsit,
826 347 860 386 ac
870 325 906 386 de
917 328 990 388 ima·

62 410 172 486 ginibns
186 408 289 467 Christi
302 407 511 474 etSanetorum
523 431 531 481 ;
543 414 611 471 edm
625 409 679 470 hoo
692 410 827 488 posterius
840 411 876 470 ait
889 409 988 468 defini·

63 500 134 548 tum.

105 569 144 628 V.
160 567 326 630 Notandum
340 578 446 639 auteur,
468 568 540 650 qudd
555 569 666 650 depingi
679 591 735 631 non
745 574 828 651 possit
842 571 989 637 Divinitas,

64 651 114 710 sed
136 650 213 729 quod
233 649 422 728 depingantur
448 651 544 710 forme
567 651 632 724 illae,
652 654 704 712 sub
718 653 818 732 quibus
845 653 927 711 Deus
940 651 990 709 ali·

65 733 180 811 quando
200 733 343 810 apparuit,
363 733 406 792 vel
430 731 531 810 quibua
553 733 690 797 attributa
702 733 796 793 diviua
807 731 992 797 similitudine

66 813 163 893 aliqud
183 814 398 891 exprimuntur:
417 816 457 874 sic
473 815 553 876 uene
568 813 652 872 Pater
665 813 825 893 depingitur
837 812 993 877 subterna

66 897 165 967 Sonis;
188 895 307 972 quiasic
334 897 495 971 apparuisse
506 893 610 973 iegitur
625 895 754 956 Danielis
768 894 796 953 7.
809 916 814 951 :
829 905 858 953 et
869 895 994 974 Spiritus

67 981 189 1034 Sanctus
202 973 254 1032 sub
266 973 359 1032 forma
373 974 535 1043 Columba,
557 978 622 1053 quia
633 976 673 1034 sio
687 975 949 1056 apparentium.
964 973 993 1031 3.

66 1057 108 1115 vel
127 1055 180 1113 snb
206 1057 300 1133 specie
326 1053 533 1134 dispertitarum
557 1056 739 1134 magnarum,
759 1056 851 1136 qualis
864 1058 995 1136 apparuit

68 1139 113 1196 die
129 1137 318 1200 Pentecosten.

109 1219 195 1294 Igitur
208 1236 257 1294 pro
270 1215 350 1276 libitu
363 1237 418 1275 nou
433 1219 496 1282 aaut
510 1216 657 1297 pingenda
669 1216 831 1294 hujusmodi
843 1218 995 1296 imagines.

67 1298 117 1359 sad
144 1303 252 1356 tantum
276 1296 328 1356 sub
355 1297 398 1356 iris
411 1297 515 1367 lormis,
537 1301 566 1357 in
580 1298 679 1377 quibus
693 1299 844 1378 aliquando
858 1317 995 1380 apparue-

65 1388 139 1440 runt.
658 1418 661 1423 -

108 1459 246 1520 Probatur
257 1461 277 1519 d
289 1461 350 1540 pari
363 1462 489 1520 ratione:
506 1460 591 1519 sicuti
610 1459 685 1518 enim
699 1459 765 1520 licet
778 1459 891 1531 uocibus
905 1457 997 1524 h'mto·

66 1547 120 1602 rios
142 1541 195 1601 has
220 1548 248 1600 et
273 1541 461 1620 apparitiones
484 1539 646 1609 describere,
666 1542 706 1601 sic
719 1550 749 1600 et
761 1540 913 1613 coloribus3
935 1547 998 1601 mm

68 1626 144 1682 enim
158 1625 282 1702 picturae,
300 1621 386 1700 quero
401 1641 483 1680 voces
495 1629 560 1681 sunt
572 1621 650 1698 signa
663 1640 763 1680 rerum.

77 1751 80 1756 ,
110 1704 179 1762 Huc
193 1706 277 1762 ctiam
292 1701 424 1762 conducit
433 1701 630 1765 condemnatio
643 1702 778 1781 Proponit.
793 1701 842 1766 td.
856 1703 894 1762 ab
905 1702 997 1765 Alex·

70 1785 155 1845 andro
178 1782 265 1842 VIII.
293 1804 367 1844 anno
396 1781 490 1844 1690:
514 1783 600 1843 “Dei
615 1783 704 1842 Patris
726 1783 903 1851 simulacrum
917 1782 1002 1847 nefas

69 1873 87 1900 “
104 1875 147 1925 est
161 1864 318 1924 Christiano
326 1867 357 1924 in
372 1863 475 1944 templo
489 1863 654 1925 collocarc.”

112 1945 181 2023 0bj.
200 1944 295 2003 Exodi
309 1965 372 2024 cap.
386 1944 434 2003 20.
451 1965 475 2002 v.
490 1949 518 2003 4.
534 1946 665 2023 precepit
679 1946 776 2005 Deus:
791 1949 810 1980 “
827 1947 894 2007 Nou
908 1945 999 2007 facies

73 2029 125 2087 iibi
137 2025 277 2106 sculptile,
289 2045 380 2105 ncqne
393 2045 506 2085 ornnem
519 2025 739 2099 similitudinem,
754 2047 817 2107 qua
829 2030 907 2091 estio
919 2027 999 2087 caro

74 2112 198 2186 desuper,
221 2117 250 2166 et
263 2127 323 2184 quae
337 2111 365 2167 in
381 2117 455 2166 terra
468 2106 595 2165 deorsum
607 2105 632 2160 :'’
656 2126 723 2185 ergo
738 2109 819 2167 Deus
832 2111 890 2187 ipsa
905 2105 999 2188 prehi-

70 2193 133 2250 buit
146 2190 289 2266 imagines.

116 2270 298 2349 Respondent
309 2269 406 2348 aliqui,
428 2269 473 2346 qui
488 2277 587 2348 putant
599 2270 628 2329 in
655 2272 744 2330 veteri
752 2270 814 2349 lego
823 2267 999 2349 prohibitum

74 2352 160 2419 fuisse
173 2353 265 2412 lacere
288 2352 421 2428 imagines
435 2351 471 2410 ob
483 2350 649 2411 ludaeorum
672 2351 872 2429 proclivitatem
885 2349 924 2411 ad
936 2350 998 2411 ido·

72 2433 221 2500 lolatriam,
246 2443 415 2510 praeceptum
441 2430 496 2491 hoc
522 2450 580 2491 csse
604 2433 703 2510 partim
728 2433 839 2501 morale,
862 2436 1000 2510 quatemus

75 2513 206 2585 prohibet
232 2510 425 2581 idololatriam,
447 2513 548 2591 partiar
574 2513 770 2583 ceremoniale,
792 2516 1000 2590 quatenuscun-

75 2615 140 2656 nom
153 2595 302 2672 imaginem
317 2593 450 2672 prohihet,
463 2601 495 2652 et
506 2612 543 2652 aa
557 2591 612 2655 hac
626 2600 701 2672 parte
714 2595 842 2654 cessatio
857 2592 1002 2672 novalegc

76 2679 156 2735 tsntd
167 2678 265 2752 magis,
286 2673 361 2753 qudd
374 2673 435 2752 ejus
445 2674 507 2752 jam
518 2677 587 2734 ratio
601 2681 696 2736 cesset.

121 2755 319 2836 Respondetur
330 2756 370 2813 2⁰·
386 2755 461 2832 quod
474 2755 671 2834 prohibeantur
683 2756 772 2815 solrim
785 2755 846 2817 ficri
858 2751 943 2821 idola,
958 2752 1000 2813 uti

76 2848 173 2915 gentes
183 2836 331 2906 iaciebant,
346 2836 447 2915 quibus
456 2835 590 2895 honorem
600 2835 722 2897 divinum
732 2834 922 2904 exhibebant;
933 2834 1000 2899 hinc

77 2918 206 2979 additur:
229 2925 247 2950 “
259 2925 292 2978 ut
304 2916 403 2977 adores
422 2937 457 2976 aa
466 2917 494 2989 ;'’
514 2917 620 2977 scilicet
631 2928 766 2997 tanquam
783 2918 869 2978 ileos.

121 3001 206 3070 Quod
214 3007 308 3058 autem
322 3019 377 3058 non
391 2997 589 3078 prohibeantur
602 3018 698 3058 omnes
712 2999 857 3077 imagines,
869 3005 950 3076 patet
963 3017 1000 3056 ex

77 3103 119 3152 oo,
142 3079 218 3161 quod
243 3083 317 3139 circa
344 3080 457 3146 Arcam,
474 3079 555 3158 jussu
585 3079 652 3153 Dei,
676 3079 758 3141 facta
785 3082 840 3141 siut
864 3080 1001 3156 imagines

77 3165 192 3222 duorum
207 3159 369 3220 Cherubim.

120 3244 175 3303 Vl.
190 3241 319 3301 Tandem
346 3240 511 3321 generaliter
528 3238 682 3303 confundes
693 3239 837 3301 hereticos
861 3242 1002 3303 eratione

80 3325 211 3400 naturali,
231 3344 292 3403 quae
306 3323 397 3382 dictat
418 3323 527 3382 licitum
540 3341 598 3381 esse
612 3321 672 3383 fieri
689 3323 825 3401 imagines
838 3321 1000 3392 Parentum,

81 3404 203 3485 lingum,
223 3404 280 3465 duc.
305 3423 407 3484 meque
434 3403 510 3462 cultu
534 3402 607 3462 civili
633 3402 787 3463 honorare:
819 3421 887 3482 argo
914 3402 1003 3468 multo

79 3489 167 3566 mags
180 3487 247 3547 licet
258 3485 352 3548 facere
365 3494 395 3547 et
406 3483 543 3546 honorato
557 3486 692 3563 imagines
704 3485 879 3549 Sanctorum.
