2130 3990
369 214 413 260 ns
432 208 590 258 smraero.
885 193 944 255 171

49 488 54 503 .
96 441 147 504 16.
183 442 241 503 DE
270 439 575 502 DISPOSITIONE
603 441 661 502 AD
696 437 945 503 BAPTISMUM

211 521 418 583 FLAMINIS
440 524 496 583 ΕΤ
518 521 766 584 SANGUlNlS.

58 686 212 758 Qurauaar
234 683 375 764 dispositio
398 687 555 765 requiritur,
576 693 608 746 ut
631 686 694 767 quis
711 684 883 765 justificetur
895 701 947 762 par

49 769 201 907 eptimam
212 764 359 825 flaminis?

135 844 173 904 1⁶·
204 846 367 924 Requiritur
392 855 490 907 votum
508 868 558 908 seu
585 846 753 907 desiderium
774 846 948 905 sacramenti

49 931 170 1009 aptismi,
190 926 265 1007 quod
278 928 325 987 hic
338 937 368 987 et
380 948 456 987 nune
468 930 574 1009 suscipi
586 950 642 989 non
657 936 757 1008 potest.

60 1015 103 1069 2⁰·
121 1008 213 1069 Extra
225 1009 373 1069 articulum
384 1012 481 1069 mortis
494 1014 568 1071 cartd
581 1012 732 1090 requiritur
745 1008 873 1069 contritio
885 1025 947 1087 per·

54 1172 159 1235 Unum
168 1173 233 1229 verd
240 1172 269 1230 in
279 1170 394 1231 articulo
402 1172 500 1231 mortis
508 1171 632 1232 sufficiat
638 1166 948 1250 contritioimperieete,

48 1270 84 1312 ra
97 1254 248 1331 requiritur
258 1260 289 1310 et
301 1249 404 1311 sufficit
417 1272 467 1332 pro
481 1252 579 1313 adulto
591 1251 773 1333 baptizando,
793 1248 900 1331 pendat
913 1247 950 1305 ab

48 1334 247 1413 laquaeationa,
267 1352 302 1391 an
323 1335 450 1393 contritio
462 1333 626 1413 imperfecte
638 1338 666 1393 iu
682 1334 798 1392 arficulo
810 1331 906 1390 mortis
919 1347 951 1385 sa

48 1414 82 1475 tt
95 1417 182 1495 possit
188 1412 358 1493 justificare:
378 1414 453 1493 quod
466 1434 522 1473 aon
533 1416 643 1474 ridetur
654 1413 811 1484 verisimile,
824 1420 855 1472 ut
865 1408 951 1469 videri

48 1502 118 1557 oter
131 1495 224 1553 Num.
239 1493 288 1553 50.
302 1495 330 1552 in
344 1494 441 1553 Tract.
455 1497 489 1553 de
501 1496 611 1556 Poem‘t.

64 1574 167 1648 Qualis
180 1576 327 1654 requiritur
340 1574 484 1653 dispositio
497 1597 546 1656 pre
561 1577 708 1657 Baptismo
720 1571 895 1655 Sanguinis?

63 1656 89 1715 1.
105 1656 143 1715 R.
158 1656 193 1715 Iu
202 1656 323 1736 parvulis
332 1655 409 1715 nulla
418 1656 562 1736 dispositio
571 1660 728 1739 requiritur,
738 1662 803 1716 cum
811 1653 953 1716 illiussint

48 1756 88 1801 iffi
125 1758 182 1797 tm.

63 1756 219 1881 Ιιιμαάυῑιίι
239 1820 303 1875 vero
315 1819 405 1897 primo
428 1820 578 1899 requiritur
597 1828 691 1881 votum
712 1838 763 1879 seu
785 1816 952 1879 desiderium

48 1902 203 1961 mutanti
218 1899 366 1979 Baptismi,
388 1908 420 1957 ut
431 1920 525 1978 supra.

64 1980 108 2039 Ψ·
125 1982 292 2059 Requin'tur
301 1978 443 2039 etsufficit
452 1984 579 2042 contritio
589 1981 762 2063 imperfecte,
777 1983 845 2041 utin
856 1977 955 2038 adulte

48 2063 205 2144 sptizando.
228 2061 295 2120 Non
309 2063 456 2141 requiritur
468 2062 612 2141 perfecta:
634 2068 674 2123 sie
686 2065 764 2122 enim
777 2061 952 2140 Martyrium

48 2165 84 2205 on
99 2144 207 2206 deleret
219 2152 345 2222 peccata,
363 2143 413 2202 sed
424 2162 475 2222 per
486 2145 674 2204 contritionem
689 2143 844 2225 porrectam
862 2140 958 2200 deleta

48 2229 172 2287 saeuiret.

68 2308 177 2367 Similis
196 2306 341 2385 requiritur
363 2314 393 2362 st
415 2302 519 2364 sufficit
541 2305 694 2387 dispositio,
716 2314 748 2364 ut
766 2303 877 2365 adultus
894 2301 956 2382 jam

49 2391 188 2468 aptiaatus
209 2405 258 2465 per
277 2382 444 2465 Martyrium
456 2385 642 2464 justificeturz
663 2386 743 2465 cujus
757 2383 877 2468 proinde
890 2403 959 2443 con·

47 2471 111 2540 ritio,
133 2484 235 2547 nempe
255 2467 428 2545 imperfecte,
451 2467 538 2527 debet
556 2488 619 2527 ease
641 2467 793 2546 conjuncte
813 2486 878 2526 cum
896 2473 959 2524 roto

47 2551 206 2610 taemmenti
220 2547 411 2615 Poenitantiae‚
430 2547 481 2605 ubi
496 2548 575 2608 deest
588 2548 710 2608 facultas
724 2545 887 2608 confitendi.

73 2630 168 2770 {iunia
190 2629 274 2688 debet
294 2649 353 2688 esse
376 2628 445 2689 iliud
459 2639 552 2689 votum
572 2631 710 2709 Baptismi
723 2632 752 2688 in
766 2628 876 2688 casibus
890 2627 961 2705 posi·

47 2732 68 2771 a

75 2792 114 2853 R.
135 2792 165 2850 Si
180 2790 284 2850 noverit
296 2798 328 2849 et
340 2792 426 2850 menti
440 2798 570 2850 occurrat
583 2787 797 2850 Sacramentum
814 2788 962 2868 Baptismi,

47 2873 143 2934 iduor
164 2873 267 2950 requiri
280 2872 464 2951 explicitum3
487 2873 559 2931 aliis
571 2870 676 2931 suffieit
688 2871 865 2951 implicitum,
888 2866 965 2946 quod

47 2955 194 3017 manens
212 2954 242 3010 in
264 2958 437 3026 contritione,
458 2961 557 3032 utpote
574 2974 637 3032 quae
660 2952 777 3013 includit
789 2952 963 3012 voluntatem

47 3033 159 3097 smodi
183 3036 278 3093 omnia
299 3046 442 3113 prrecepte
461 3034 572 3093 divina:
595 3044 626 3094 ut
639 3054 664 3092 v.
678 3053 705 3112 g.
719 3037 749 3094 in
761 3052 797 3092 eo
812 3033 862 3112 qui
874 3034 961 3092 inris-

47 3116 155 3177 ribiliter
168 3119 278 3193 ignorat
292 3117 398 3196 Legem
415 3117 561 3194 Baptismi.

77 3196 161 3258 Idam
175 3204 219 3255 est
232 3197 268 3256 de
281 3208 345 3258 roto
359 3198 531 3258 Sacramenti
547 3198 723 3258 Poenitentiae
738 3197 767 3258 in
786 3193 881 3256 adulto
895 3193 963 3273 bap·

47 3280 138 3351 irato,
158 3280 207 3354 qui
220 3279 296 3339 subit
311 3280 492 3359 Martyrium.
