2130 3990
365 191 602 241 uenantum
912 172 970 237 167

48 336 213 417 eugalearn
226 337 391 409 nativitatis,
414 339 576 418 Baptismus
591 344 634 397 ast
646 335 728 396 valde
740 336 881 397 incertus:
902 336 970 398 hinc

48 418 138 483 adulo
164 416 367 478 attendendum
390 430 513 487 mouent,
535 428 579 486 ut,
600 419 668 477 dum
683 419 803 479 multum
816 420 907 483 criniti
920 417 970 479 de·

48 510 167 559 eruetur
179 498 353 577 baptizandi,
376 501 447 565 cutis
459 502 534 579 aqud
554 499 731 579 perfricatur,
751 519 787 558 ne
800 503 828 561 in
842 500 909 561 solia
922 522 968 561 ca·

48 580 113 641 rillis
126 580 180 639 fiat
191 578 308 647 ablutio,
823 600 826 605 ·

78 661 221 722 Similiter
245 661 444 729 inculcandum
467 661 671 735 obstetricibus,
691 668 724 721 ut
746 663 776 720 in
804 662 970 721 necessitate

48 747 227 824 reprimentes,
248 746 323 821 priris
336 742 467 820 frangant
480 743 566 823 pelles
587 741 764 817 secundinae,
785 749 816 802 ut
828 762 905 820 aqua
917 743 969 806 iru-

48 824 167 891 nediatir
180 823 218 883 ad
231 843 329 903 corpas
341 828 488 903 pertingat

81 904 121 971 V,
136 908 178 963 4⁰·
195 903 291 965 Debet
310 906 415 967 ablutio
428 907 489 964 fieri
500 905 530 963 in
544 912 602 965 tarn
624 904 744 967 notabili
755 906 971 985 partecorporis

48 994 72 1047 et
84 986 243 1066 quantitate
263 1005 356 1064 aquae,
377 997 409 1053 ut
430 986 497 1049 inde
518 986 606 1046 bomo
619 986 761 1047 moraliter
779 986 973 1047 denominetur

48 1069 120 1129 lotus
134 1066 179 1125 val
193 1067 314 1125 ablutus.

83 1148 167 1207 Hinc
190 1146 363 1226 probabilius
378 1145 425 1211 ad
450 1147 626 1228 Baptismnm
649 1168 706 1207 uua
728 1147 772 1208 vel
790 1147 973 1226 alteraaqusa

48 1229 158 1309 guttula
181 1249 235 1288 non
250 1227 367 1298 sufficit3
390 1230 458 1307 quia
481 1238 577 1287 tanum
592 1230 679 1309 aliqui
696 1249 761 1290 eam
773 1227 900 1295 sufficere
923 1229 972 1290 do-

48 1320 123 1383 cent,
144 1310 229 1379 moto
242 1309 320 1376 fluat,
333 1310 411 1376 siaiu
426 1311 592 1375 necessitato
606 1310 776 1370 possemne
790 1319 893 1391 poteat;
909 1331 972 1390 pos-

48 1400 94 1461 tea
106 1400 215 1462 tamem
225 1392 255 1461 ¹si
269 1394 433 1469 supervivat,
449 1393 501 1450 erit
516 1390 570 1449 sub
582 1390 740 1450 conditiora
750 1391 972 1471 rebaptizandus.

88 1472 144 1531 Pro
158 1471 258 1550 majori
272 1475 430 1544 securitate,
443 1491 479 1529 aa
491 1491 572 1549 aquae
582 1474 733 1551 quantitas,
747 1475 784 1549 (si
797 1474 834 1533 ed
857 1493 975 1533 manum

51 1555 96 1629 ait)
114 1573 227 1633 semper
239 1551 415 1625 adhibeatur,
429 1572 491 1631 que
505 1552 541 1610 ad
557 1552 732 1630 Baptismum
746 1557 820 1614 cartd
833 1551 974 1614 sufficiens

53 1644 104 1695 ost:
125 1635 201 1693 unda
214 1641 325 1712 praestat
337 1636 366 1693 in
380 1634 537 1712 quantitate
559 1653 706 1713 parumper
718 1635 859 1698 excedere
872 1637 973 1714 pedus,

54 1716 136 1797 qudrn
149 1716 279 1777 deficere.

72 1876 110 1949 N.
125 1876 154 1935 7.
171 1876 219 1937 IN
242 1876 329 1941 QUA
350 1876 491 1939 PARTE}
512 1876 726 1937 CORPORIS
748 1877 864 1939 FIERI
885 1879 956 1939 DE·

350 1957 459 2016 BEAT
485 1958 682 2020 ABLUTIO.

59 2120 78 2185 l·
94 2122 192 2201 Caput
214 2129 259 2180 est
285 2117 467 2180 abluendum.
509 2121 550 2182 11.
564 2118 650 2179 Alius
663 2129 707 2182 est
725 2076 912 2184 reiterandae
923 2123 976 2184 aab

77 2250 80 2257 .
91 2205 265 2262 conditione.

91 2364 116 2435 l.
132 2365 319 2423 Saccumum
342 2365 454 2444 praxIm
480 2364 615 2427 Ecclesia
639 2364 812 2425 abluendum
826 2375 870 2426 est
883 2373 976 2446 caput,

57 2452 186 2524 tauquam
202 2449 290 2524 ipsius
306 2451 407 2504 animae
421 2445 503 2505 sedas
518 2449 665 2525 praecipua,
687 2457 717 2506 et
730 2451 758 2506 in
773 2466 829 2526 quo
852 2451 977 2508 maxime

56 2529 145 2605 rigent
166 2548 263 2585 omnes
277 2546 390 2584 sensus:
411 2548 466 2584 non
481 2526 565 2585 debat
579 2538 672 2585 tamen
688 2536 777 2587 toturn
794 2539 881 2608 caput
893 2531 979 2600 ablui,

55 2608 99 2667 red
129 2609 260 2669 notabilis
283 2608 345 2687 ejus
358 2627 429 2685 pars,
450 2627 510 2677 seu,
529 2609 685 2667 secundirm
707 2612 818 2687 praxim
833 2611 979 2682 Ecclesiae,

54 2691 111 2769 ipse
124 2699 231 2748 vertex.

91 2772 139 2829 An
163 2771 200 2828 ad
221 2770 338 2829 valorem
363 2767 467 2828 sufficit
487 2770 595 2829 ablutio
613 2770 725 2829 alterius
739 2773 826 2849 partis
839 2770 980 2841 notabilis,

54 2860 85 2913 ut
96 2851 218 2917 brachii,
239 2853 369 2929 pectoris,
391 2851 579 2929 scapularum,
602 2849 679 2909 &ai

91 2932 252 3010 Responsio
280 2935 437 2990 communis
464 2930 625 2990 Authorum
648 2940 692 2989 est
718 2930 891 3002 affirmative,
923 2954 979 2991 noo

54 3022 148 3072 temen
165 3017 280 3071 omnino
294 3023 377 3081 certa,
399 3015 464 3090 quia
477 3015 563 3090 aliqui
578 3012 791 3071 contradicunt:
814 3013 887 3072 unde
900 3024 983 3075 extra

54 3097 245 3153 necessitatem
260 3093 320 3152 fieri
336 3094 389 3150 boc
403 3114 457 3150 non
480 3102 579 3170 potest.
623 3095 669 3151 De
684 3114 778 3162 manu,
800 3094 871 3173 pede
885 3105 914 3152 et
930 3095 981 3154 hu·

50 3175 175 3254 jusmodi
202 3176 327 3255 partibus
344 3175 518 3232 mediocriter
541 3174 707 3235 notabilibus
721 3176 863 3242 dubitatur
877 3179 981 3252 magis;

55 3255 230 3316 verisimilius
258 3268 352 3314 tamen
381 3256 466 3313 etiarn
495 3254 648 3325 sufficiunt,
671 3260 734 3313 crim
757 3257 880 3313 Christus
894 3257 981 3318 doen.

55 3357 114 3417 cap.
130 3337 177 3396 13.
189 3358 212 3395 v.
223 3337 251 3395 8,
261 3337 377 3416 loquens
390 3337 425 3394 de
437 3336 651 3414 lotiouepedum
661 3336 755 3394 dicat:
768 3336 873 3395 Sr'non
885 3334 983 3397 lavero

54 3424 83 3478 la
95 3422 149 3495 do.
167 3419 213 3475 De
228 3419 316 3494 digito
331 3427 360 3474 et
371 3417 530 3493 hujusmodi
543 3417 736 3476 minutioribus
747 3418 832 3477 etiarn
843 3416 985 3478 affirmant

54 3500 153 3577 aliqui,
167 3498 218 3557 sed
230 3499 314 3578 longe
330 3498 421 3577 pluras
435 3508 539 3575 negant
550 3497 688 3561 sufficere.

97 3582 139 3639 ΙΙ.
168 3580 251 3639 Circa
279 3580 342 3637 haec
368 3580 483 3637 Rituala
510 3577 985 3656 Romanurutit,dedoptr'zandia

50 3659 202 3751 paruulis,
235 3664 331 3737 statuit
353 3663 512 3740 sequentia:
535 3669 554 3694 ‘⁶
568 3661 601 3718 si
625 3658 715 3718 infans
737 3670 823 3740 caput
842 3680 880 3718 ex
905 3670 986 3719 utero

54 3734 301 3811 marris-emiserit,
323 3751 352 3802 et
366 3742 520 3821 periculum
548 3742 643 3800 mortis
656 3741 810 3815 immineat,
832 3741 991 3822 baptizetur

1023 3620 1034 3722 l
