2130 3990
376 196 419 240 aa
439 193 686 240 incarnacione.
949 171 989 235 bi

71 345 204 406 dixemnt
216 339 359 402 concives:
381 344 401 375 “
415 340 575 401 Nonnehic
586 345 629 400 est
639 339 724 402 Fabri
735 333 863 401 Filiusi”
880 333 990 394 Metth.

69 444 131 505 cap.
146 423 196 483 13.
210 444 236 482 v.
246 422 305 494 553
328 423 385 480 irnb
397 422 490 482 Marci
502 441 564 561 cap.
575 422 603 479 6.
619 440 642 482 r.
654 423 684 484 3.
726 415 991 497 Falerappellatur.

106 509 155 564 An
170 504 203 563 S.
217 503 327 584 ioseph
340 502 426 563 nens
435 501 519 562 faber
543 503 666 574 artanius,
688 520 724 560 an
736 500 876 581 lignarius,
897 495 991 576 dispo

66 595 155 646 tatur:
176 605 216 644 ex
230 592 323 643 mente
344 591 439 643 umen
467 591 591 643 veteram
603 582 825 645 Cluistienorum
839 590 869 641 et
881 577 987 658 vulgari

66 665 215 729 traditione
223 664 360 744 posteribs
374 674 488 745 apparet
499 663 682 725 verisimilius.

105 747 149 808 ll.
172 746 301 805 Christus
317 746 456 805 Dominus
468 764 619 825 pauperem
629 745 815 818 duxitritam,
829 746 990 802 nontamen

67 825 139 887 adeo
163 828 287 906 inopem,
306 831 340 887 ut
365 846 403 886 ex
425 825 586 885 mendicato
609 829 722 899 vireret:
752 846 820 886 narn
843 818 992 902 usquead

67 908 250 987 baptismum
272 909 343 968 vixit
364 907 457 967 labora
479 926 625 978 manuum,
647 917 676 967 st
703 916 829 986 tempore
855 901 989 983 praelica-

67 991 150 1049 tionis
170 987 359 1068 sequebantur
379 1007 446 1047 cum
466 987 605 1057 mulieres,
626 989 731 1068 quaesi
749 982 944 1051 ministrabant
955 980 992 1042 tle

67 1069 251 1130 facultatibus
270 1070 334 1142 suis,
360 1068 432 1128 Luc.
455 1088 517 1148 cap.
542 1067 571 1127 8.
585 1090 612 1128 v.
626 1069 656 1128 3.
699 1069 897 1148 Paupertatem
910 1082 992 1123 suam

68 1150 220 1210 declaravit
234 1149 336 1222 dicens,
348 1148 456 1210 Mattb.
471 1151 499 1208 8.
511 1170 537 1208 v.
547 1151 600 1208 20.
627 1151 746 1211 “Filius
760 1158 856 1208 autem
870 1145 992 1204 bominis

68 1236 86 1266 “
95 1251 154 1291 non
177 1230 276 1300 habet,
299 1230 347 1291 ubi
365 1238 450 1309 caput
472 1231 588 1291 reclinet
598 1229 624 1289 :”
655 1230 686 1291 id
714 1239 764 1304 est,
785 1250 842 1291 non
870 1225 993 1306 possidet

67 1312 230 1392 particulari
243 1308 380 1384 domini03
402 1309 514 1391 quando
535 1331 571 1371 ue
593 1319 687 1371 tamen
709 1310 837 1392 quadam
850 1307 994 1368 communi

67 1392 196 1453 domiuo
219 1391 324 1451 babuit
344 1412 409 1453 cunr
422 1393 531 1472 Aposto
544 1394 577 1468 s,
589 1399 621 1452 ut
642 1401 722 1473 patet
742 1412 780 1453 ex
794 1389 903 1461 loculis,
923 1406 994 1467 quos

69 1472 161 1535 Judas
174 1471 315 1552 portabat.

105 1553 168 1614 111.
190 1553 319 1613 Christus
338 1554 424 1613 vitem
445 1554 503 1633 egit
521 1573 698 1614 communem
712 1561 740 1614 et
753 1552 903 1621 socialem
925 1549 992 1631 quia

69 1633 114 1695 illa
128 1637 220 1712 magu
232 1635 414 1694 mureniebat
436 1634 486 1693 fini
502 1634 706 1696 incarnationis
719 1643 749 1695 et
763 1634 905 1695 Misions
917 1650 991 1692 sure:

70 1713 176 1792 etideo
189 1718 275 1775 etiam
303 1717 445 1775 communi
469 1715 532 1775 cibo
555 1723 585 1775 et
604 1725 673 1797 potu
693 1736 729 1776 ao
747 1718 922 1777 ventuosus
934 1718 992 1771 cst:

70 1795 175 1857 exinde
198 1795 372 1857 aurnuns
395 1794 604 1864 traducebatur,
630 1796 738 1857 Mattb.
753 1816 816 1877 cap.
839 1792 888 1855 ll.
901 1813 928 1854 s.
944 1793 992 1855 19.

69 1881 86 1911 “
99 1876 182 1936 Ecce
195 1875 280 1936 bomo
290 1894 379 1936 vorax
394 1884 424 1937 et
446 1886 555 1957 potator
578 1877 662 1951 vini,''
684 1897 734 1959 per
754 1883 906 1958 respectum
920 1873 992 1945 scili·

67 1966 117 2027 ‚oct
129 1957 169 2017 ad
177 1959 370 2018 austeritatem
383 1958 404 2017 J
406 1960 503 2019 oannis
518 1961 657 2038 Baptista.

105 2037 291 2118 Quandoque
311 2047 406 2098 umen
428 2040 513 2099 etiarn
533 2044 617 2101 vitam
634 2040 794 2109 solitariam,
813 2045 951 2098 austeram
965 2042 993 2096 ct

69 2119 311 2199 contemplativam
326 2120 512 2191 commiscuit,
535 2130 567 2180 ut
581 2122 649 2181 dum
663 2119 703 2178 40
724 2120 824 2180 diebus
848 2118 993 2197 jejunavit,

67 2211 95 2261 et
109 2200 180 2261 dum
192 2208 253 2260 erat
265 2209 433 2280 pernoctans
448 2202 475 2260 in
489 2204 622 2262 oratione.

106 2282 156 2340 An
172 2280 298 2341 Christus
311 2280 411 2341 hebuit
424 2281 516 2361 plures
529 2281 637 2344 vestes?

108 2360 167 2421 IV.
182 2361 220 2421 R.
231 2360 344 2423 Affirm.
353 2363 395 2424 Ut
404 2371 521 2442 patatcx
530 2365 617 2423 Joan.
627 2383 691 2443 cap.
703 2361 751 2422 13.
761 2366 822 2422 nt.
832 2369 860 2422 et
869 2379 931 2441 cap.
947 2359 991 2420 19.

66 2462 94 2501 r.
108 2439 174 2511 23.;
192 2449 362 2522 quotautam
377 2442 516 2513 habuerit,
531 2447 667 2504 incertum
681 2454 738 2516 est;
760 2443 937 2511 communitis
952 2442 993 2501 di·

67 2524 139 2584 citur
152 2523 284 2582 babuisse
304 2522 340 2583 ad
355 2527 445 2584 minus
459 2533 524 2598 tres,
544 2526 650 2585 scilicet
662 2527 786 2585 tunicam
799 2522 993 2586 inconsutilem

65 2605 97 2663 iu
122 2603 240 2662 modurn
265 2603 417 2673 subucula,
442 2615 472 2665 et
484 2607 570 2667 aliem
589 2615 695 2666 vesoern
708 2628 755 2687 pro
769 2605 880 2666 indusio
892 2607 993 2683 gesuri

66 2683 188 2755 solitam,
210 2687 379 2762 etpalliurn.
851 2684 854 2688 ’
927 2757 930 2762 Ι

109 2764 322 2903 Οὸρὲιῦὴτίειυε
337 2766 366 2825 id
379 2764 557 2846 prohibuerat
570 2768 835 2849 Apostolis‚Matth.
850 2786 913 2846 cap.
928 2765 972 2824 10.
984 2788 990 2825 :

67 2865 145 2924 crgo,
196 2867 221 2904 c.

108 2927 146 2983 R.
160 2927 261 2985 Solium
275 2927 314 2985 ibi
327 2927 469 3007 prohibuit
492 2928 585 3008 plures
609 2937 694 2988 nutes
722 2927 847 3008 ejusdcm
875 2930 991 3008 generis,

66 3025 118 3064 sau
133 3009 313 3084 mutatorias;
335 3029 390 3067 non
405 3018 499 3070 autem
522 3013 614 3090 plures
628 3010 726 3072 diversi
748 3013 860 3090 generis,
882 3007 932 3071 aut
944 3030 991 3069 nc·

66 3088 216 3148 cessimis.

110 3166 151 3226 V.
174 3169 243 3228 Non
258 3170 340 3230 nudis
353 3169 470 3252 pedibus
493 3171 543 3232 sed
556 3173 687 3234 sandaliis
702 3174 819 3243 incessit,
841 3179 873 3231 ut
887 3170 994 3251 colligi·

67 3255 112 3309 tur
126 3269 163 3308 ex
181 3251 274 3311 Marci
294 3252 342 3325 6.;
358 3253 457 3312 calceis
476 3259 541 3313 verb
561 3275 618 3314 non
642 3263 683 3314 est
696 3275 780 3326 usus;
802 3254 867 3330 quia
886 3251 994 3312 videtur

67 3329 97 3388 it
113 3329 299 3408 prohibuisse,
320 3333 425 3392 Mattb.
449 3357 475 3395 c.
494 3334 538 3394 lu.
554 3356 580 3395 v.
598 3335 642 3395 10.
665 3345 693 3394 ot
708 3337 791 3393 Lucae
807 3353 831 3390 c.
846 3334 894 3393 22.
905 3355 928 3394 v.
943 3334 993 3396 35.

66 3408 255 3552 &gatauran
280 3415 430 3494 probibitio
443 3418 527 3479 etiarn
551 3418 656 3497 exponi
670 3423 760 3498 posset
774 3411 808 3475 dc
822 3414 920 3478 calceis
933 3438 992 3478 nru-

127 3512 183 3553 rus.
