2130 3990
382 158 421 201 nn
443 156 662 202 eocnuarsrrr.
922 140 984 205 389

50 318 83 369 ο,
120 300 201 382 qnod
224 302 269 361 bis
291 300 393 362 eodem
406 311 531 383 tempore
557 312 700 372 sumntum
722 304 789 383 quia
803 303 872 364 aliis
885 326 983 385 seque·

50 388 130 451 etur,
145 382 222 460 qudd
232 384 381 458 Sacerdos,
395 387 443 463 qui
452 385 562 459 duobus
576 395 626 445 aut
633 384 722 445 tribue
736 386 880 447 haustibus
890 408 983 447 sume·

50 470 83 522 et
116 464 304 543 Sanguinem,
332 464 395 602 plus
414 468 508 545 gratia
534 468 678 545 reciperet,
713 470 798 605 purim
826 471 873 545 qui
898 470 984 529 unico

50 551 158 603 austu
173 546 301 606 Calicem
316 566 332 603 e
353 545 442 605 iberet
451 570 459 618 ;
481 550 550 606 item
572 549 596 606 si
609 547 701 626 plures
727 546 846 609 ormuloa
859 569 909 609 seu
922 570 984 629 spe-

50 625 104 683 ies
119 628 244 705 integras
256 647 305 708 per
317 626 434 686 modum
450 630 560 687 unionis
573 627 729 689 refectionis
743 638 879 688 sumeret:
905 651 982 709 ergo,

50 698 104 765 icc.
134 706 213 769 Vide
226 710 302 767 dicta
323 710 413 767 Num.
428 706 456 766 6.

86 786 169 869 obj.
210 788 393 849 Sacramenta
418 786 544 849 efficiunt
557 788 632 870 quod
659 790 835 866 significent:
856 789 983 873 adeoque

49 864 124 928 ium
139 870 204 952 plus
221 870 385 948 significant,
411 870 473 950 plus
485 882 650 952 operantur:
672 873 750 950 atqui
770 872 862 931 ambre
875 877 984 953 species

49 946 120 1045 plne
142 951 308 1093 signigmt
333 970 434 1032 nempe
459 952 664 1032 plenitudinem
684 954 844 1013 refectionis
857 957 986 1035 spiritua·

49 1050 101 1090 re:
128 1051 145 1092 e
196 1076 205 1100 ,
246 1055 271 1095 c.

93 1052 263 1173 Rrigddrum
277 1120 328 1185 eet,
354 1111 431 1193 qudd
444 1122 560 1193 utraque
587 1116 695 1193 species
719 1112 869 1193 perfectius
882 1136 984 1197 reproe·

49 1202 148 1253 rentet
160 1195 365 1255 refectionems
386 1195 535 1263 iritualem
560 1198 646 1275 quam
667 1197 756 1257 altera
768 1196 839 1270 sola,
862 1198 887 1258 si
897 1208 985 1261 utten-

49 1272 143 1335 htur
169 1276 269 1335 modus
288 1216 466 1353 siguidcandi
478 1297 486 1346 ;
509 1297 564 1335 nou
593 1284 687 1336 autem
711 1279 734 1335 si
759 1276 917 1341 attendatur
942 1300 985 1341 ree

49 1354 220 1437 rigniticate,
234 1375 318 1438 quam
328 1356 468 1417 efficiunt:
482 1362 548 1437 quia
558 1356 658 1417 eadem
672 1360 873 1438 cstspirituelis
883 1361 987 1421 unioet

49 1440 160 1499 enimse
173 1438 300 1535 refectio,
326 1458 389 1518 qua
402 1441 459 1497 sive
472 1459 521 1534 per
534 1448 689 1579 utrampue,
698 1521 710 1540 v
719 1442 775 1498 sive
794 1458 845 1526 per
866 1442 987 1509 alteram

49 1517 858 1681 epeffianp‘ppffinafficoagrm:ffgupthpnpalqiuuempggcie
872 1604 988 1685 percipit

49 1684 177 1759 gentiam
190 1680 436 1741 sanctificantem?

97 1762 161 1825 111.
176 1763 213 1821 R.
227 1762 262 1822 In
275 1762 435 1841 sumptione
449 1764 544 1842 prima
558 1763 678 1843 speciei:
706 1783 760 1821 nec
782 1760 847 1823 ideo
861 1767 986 1845 sumptio

54 1842 190 1905 ucuude
199 1846 304 1925 speciei
319 1844 375 1903 dici
389 1842 604 1917 debetinutilis;
627 1842 694 1903 crim
718 1843 768 1903 fiat
783 1843 869 1922 juxta
881 1845 987 1905 Christi

56 1928 280 1987 institutionem:
302 1922 403 1984 deinde
430 1924 564 1983 conducit
589 1924 624 1984 ad
652 1926 857 2005 expressiorem
870 1929 988 1985 convivii

58 2006 209 2089 spiritualis
225 2007 473 2085 significationem
496 2014 525 2064 et
549 2007 634 2065 etiem
662 2025 713 2084 per
739 2006 868 2066 occidens
892 2016 988 2088 puteat

61 2108 162 2169 aegere
175 2090 305 2169 gratiam,
319 2094 487 2165 augescente
501 2086 603 2167 neiupe
617 2084 807 2167 dispositione.
880 2154 886 2163 ,

69 2300 102 2361 N.
115 2302 167 2360 69.
197 2301 256 2360 DE
276 2297 517 2359 PRAECEPTO
534 2298 868 2360 uccuusmsrlco
882 2299 988 2363 COM-

407 2402 635 2465 MUNIONIS.

68 2602 86 2665 i.
101 2608 290 2687 Praeceptum
304 2607 525 2669 Communem
534 2604 795 2677 ecclesiasticum,
808 2604 848 2665 ΙΙ.
862 2606 989 2685 Obligat

66 2688 141 2748 soloe
153 2688 323 2766 baptizatos,
344 2688 403 2767 ΠΙ.
419 2689 521 2749 Etcum
538 2689 677 2765 r'rfirmoe,
697 2686 753 2746 lv.
767 2687 810 2745 Et
824 2688 958 2768 injustos.

98 2903 153 2961 Art
168 2902 253 2961 datur
273 2909 443 2982 praeceptum
459 2902 688 2962 Ecclesiasticum
709 2900 947 2961 communionis?

100 2986 128 3043 1.
160 2983 199 3042 R.
221 2980 414 3044 Affirmatiue:
437 3003 538 3062 nempe
562 2981 636 3061 quod
660 2982 744 3061 vuigd
767 2984 899 3041 recitatur
917 2985 988 3042 iuter

57 3068 187 3145 quinque
202 3062 340 3124 Ecclesia
356 3072 502 3143 precepta,
528 3071 557 3120 et
570 3062 645 3142 quod
668 3063 757 3121 latum
771 3074 812 3123 est
837 3064 867 3121 in
888 3083 990 3142 magno

56 3144 196 3205 Concilio
209 3146 392 3204 Laterauenei
418 3166 480 3204 can.
507 3145 557 3201 21.
584 3142 636 3202 sub
660 3143 828 3203 Innocentio
843 3143 899 3201 111.
915 3164 990 3202 anno

63 3228 155 3287 1215.
168 3226 339 3304 referturque
353 3229 381 3285 in
395 3226 414 3285 J
420 3246 468 3284 ure
483 3226 630 3283 Canonico
639 3224 688 3285 lib.
700 3225 729 3284 6.
746 3227 859 3284 Decret.
884 3226 927 3283 tit.
938 3223 989 3284 38.

58 3328 126 3387 eep.
144 3308 192 3367 12.
206 3308 251 3366 his
265 3308 371 3366 verbis:
404 3311 424 3340 ‘¹
436 3306 539 3365 Omnis
552 3310 694 3384 utriusque
708 3312 791 3364 sexus
802 3305 900 3376 tidelis,
913 3315 990 3385 post·=

60 3408 150 3470 quem
179 3388 216 3448 ed
231 3409 321 3447 annos
346 3387 519 3448 discretionis
542 3389 706 3465 pervenerit,
729 3389 826 3446 omnia
838 3406 890 3444 sue
915 3386 991 3447 solus

61 3477 184 3551 peccate
205 3471 372 3529 confiteatur
400 3469 526 3538 fideliter,
541 3469 641 3527 saitem
651 3467 737 3526 semel
751 3470 780 3525 in
795 3487 876 3537 anno,
887 3469 993 3546 proprio

63 3550 231 3613 Sacerdoti.
242 3553 411 3631 acccipiens
433 3558 590 3609 reverenter
612 3549 648 3609 ed
661 3552 755 3609 minus
767 3551 795 3608 in
812 3547 921 3611 Pascha
935 3548 993 3608 Eu-

500 3809 567 3871 2r
