2130 3990
71 222 131 280 ‘228
336 220 749 281 nissanrsvrevnadn'odrc's‘·

115 386 180 454 Quo
207 383 290 481 facto,
311 374 396 444 ceute¹
421 388 580 481 aperiantur
601 384 815 457 secundinae,
800 403 836 441 ne
850 383 990 447 vulneretur

73 466 168 532 foetus,
190 475 229 537 et,
250 468 401 537 iisvncuis,
421 470 522 524 iterum
550 468 709 544 baptizetur
721 466 775 524 sub
789 465 926 545 praedicta
939 486 990 526 con·

73 545 191 618 ditione,
211 567 273 625 quie
288 549 418 606 omnibns
438 562 482 604 ιι
484 548 546 605 ibus
558 544 685 605 sufficere
698 556 798 625 potest,
813 558 852 620 et,
866 554 990 626 quantum

75 631 137 684 sine
155 628 289 705 Baptismi
305 649 380 686 mera
398 628 530 707 possibile
542 638 592 697 est,
615 632 643 687 in
658 628 852 709 aquatepida

120 709 184 766 Nec
197 709 425 786 irregularitatem
440 713 540 780 timeat
553 675 689 768 Sdeerdos
703 729 740 767 ex
754 730 800 783 eo,
821 707 990 789 quddloetuu

77 790 237 848 secundini-r
251 792 364 870 spoliet:
385 792 552 849 secundinus
576 793 651 848 enim
666 792 820 886 aperiendo
833 790 990 851 allevatio·

77 881 149 943 tum,
169 873 217 949 qui
232 871 306 930 ab
282 893 321 930 ers
335 893 365 930 se
380 878 519 930 extricare
532 892 603 929 cona
604 879 656 943 tur,
677 882 706 929 et
719 874 737 928 a
748 872 866 951 quibus,
880 878 990 951 quamvis

78 955 221 1023 minimus,
240 954 382 1012 interdum
409 962 439 1009 se·
465 953 597 1032 expedit3
618 959 648 1009 et
675 952 778 1011 idcirco
806 962 882 1012 totus
910 952 990 1014 fluxu

78 1036 220 1091 ebortivus
233 1033 332 1092 sedulii
345 1042 377 1093 et
386 1044 433 1114 pe'r'
446 1036 537 1113 partes
560 1033 747 1091 excutiendus
760 1040 810 1102 es't,
831 1036 907 1093 sicu't
920 1036 990 1095 etiam

78 1125 189 1208 propter
214 1117 449 1195 multiplicitatem
472 1115 604 1186 foetuum,
634 1118 681 1205 qui
695 1120 769 1194 saepe
797 1118 990 1195 perintervclli

75 1198 142 1253 setis
156 1194 287 1255 distantia
301 1218 337 1255 ex
351 1208 429 1255 utero
444 1197 632 1275 egrediuntur.

119 1276 261 1336 (luterum
273 1281 327 1336 vita
341 1278 406 1336 talis
421 1279 454 1339 in
457 1282 499 1335 uls
512 1286 555 1334 est
568 1286 731 1335 conservate
743 1280 861 1356 prorsus
868 1260 990 1357 imposssi

76 1358 139 1418 bilis
162 1367 192 1416 et
213 1358 284 1417 adeo
298 1362 408 1432 tenuis,
425 1372 457 1418 ιιι
477 1366 588 1438 propter
610 1358 797 1431 formidinem,
818 1381 854 1417 ne
870 1379 990 1439 morsper

75 1442 348 1517 pauculamomenta
356 1404 537 1512 ncdcle'retur,
554 1439 720 1518 Baptisinus
726 1442 819 1498 οιιιιιιι
827 1461 885 1499 nou
893 1439 990 1513 debeat

77 1523 127 1578 ut'
120 1541 148 1578 ιιι
161 1520 244 1579 simili
255 1542 319 1579 casu
335 1524 446 1581 resolvit
455 1522 631 1580 doctissimus
642 1520 762 1598 Sylvius
766 1520 784 1556 ⁴*

117 1603 176 1661 Sed
202 1602 339 1680 objiciunt
365 1603 490 1683 quidelm,
512 1604 542 1662 hi
559 1602 648 1662 Ritus
673 1604 738 1660 subt
759 1604 833 1674 novi,
854 1600 990 1681 ideoquel

76 1684 192 1742 veritate
203 1687 330 1743 videntur
342 1684 442 1744 nlrcnr
464 1704 540 1757 nam,
560 1688 584 1744 si
608 1687 661 1741 veri
684 1689 785 1751 essent,
806 1682 990 1771 quomododi

76 1766 140 1821 viuc
162 1765 341 1824 Providentia
361 1769 482 1863 ipsorum
505 1767 730 1847 ignorantiam
716 1763 759 1822 vel
772 1784 827 1822 non
845 1782 926 1853 usum
941 1786 990 1847 per

77 1848 196 1905 misisset
209 1846 272 1905 cum
288 1857 331 1905 tot
343 1850 500 1906 animarum
515 1846 663 1907 damno?

117 1926 326 1988 contradictum
349 1933 389 1986 sic
401 1918 549 1987 dissolvo.
573 1929 610 1984 1⁰·
637 1922 753 1986 Nedum
768 1926 890 2023 probari
912 1912 990 2022 possset

76 2011 182 2067 novitas
208 2009 309 2068 berum
332 2009 461 2078 Rit131um
490 2017 524 2067 cd
528 2026 553 2069 m·
549 2010 692 2089 'plerique
719 2010 822 2066 v'et'eres
836 2028 959 2066 animam
969 2028 990 2066 ιι

75 2095 137 2168 ipsa
150 2096 341 2171 conceptione,
365 2092 407 2150 vel
420 2093 513 2149 stetim
530 2104 590 2171 post
605 2093 814 2171 conceptionem
828 2090 941 2148 infundi
953 2100 990 2167 ag*

75 2174 210 2240 noverint,
232 2173 279 2232 alii
305 2177 399 2231 etiam
416 2180 520 2251 niagno
546 2192 663 2231 nrrnrcro
685 2171 725 2228 de
731 2172 790 2229 hec
804 2170 990 2237 dubitaverint

74 2273 219 2331 possumus
245 2262 275 2312 et
301 2254 437 2312 debemus
460 2253 632 2322 concludere,
655 2253 730 2331 qued
754 2270 877 2310 minimis
890 2250 990 2310 foetrbvt

73 2354 222 2392 succurere
236 2354 291 2392 non
306 2335 487 2411 neglexerint.

113 2416 154 2471 2⁰·
176 2415 370 2475 Vercsimilius
385 2429 467 2484 esset,
491 2415 565 2495 qued
587 2416 684 2474 talium
700 2416 818 2472 [lituum
832 2414 990 2509 neglectum,

72 2497 217 2555 etsensim
235 2516 292 2556 non
311 2518 394 2557 usum
402 2499 622 2555 introduxerint
645 2500 765 2554 exitiosa
777 2497 848 2555 illa
840 2496 990 2573 ignorantie

72 2578 212 2646 saecula,
204 2579 349 2655 inquibus
378 2582 547 2638 Doctores'
540 2580 662 2656 ipsimet
684 2588 789 2636 naturae
803 2576 990 2657 investiganda

72 2678 173 2736 parum
196 2659 324 2733 studiosi,
352 2664 488 2740 principia
503 2659 621 2740 physica
635 2658 724 2717 diere
749 2658 810 2716 solo
824 2650 990 2717 Aristototelr

73 2739 245 2802 hauriebant.
290 2743 328 2798 bit
348 2746 413 2799 ver'd
438 2743 625 2820 Peripatetico
607 2742 742 2818 ropiuio
771 2745 805 2797 ce
832 2740 947 2796 suavius
968 2739 990 2797 ir

72 2824 183 2880 enimes
197 2824 313 2902 irrepere
327 2823 456 2895 debebat,
470 2825 542 2902 qued
555 2831 613 2880 tam
625 2822 771 2880 abortuum
783 2821 990 2881 voluntariorum

71 2906 247 2961 atrocitatem
275 2914 448 2967 extenuaret
472 2907 556 2983 quiue
572 2909 615 2960 viv
599 2905 763 2969 silentiam
757 2922 783 2960 m
808 2901 990 2960 involuntarie

71 2988 264 3050 necessariam,
286 2988 434 3044 molestam
449 2996 479 3044 et
491 2984 640 3043 sordidam.

113 3065 200 3135 Quod
227 3067 263 3123 ad
292 3067 413 3128 divinem
441 3067 642 3127 Providentiam
666 3066 776 3128 attinet,
806 3065 863 3142 quvi
893 3065 990 3121 ratione

71 3149 225 3224 permiserit
252 3150 402 3205 sectionem
428 3149 585 3207 Caesaream
609 3150 637 3203 in
662 3150 784 3216 vivente,
806 3144 990 3204 totsalvaudir

70 3230 192 3304 parvulis
207 3237 315 3295 natam,
337 3238 395 3286 tam
410 3230 459 3287 diu
486 3232 609 3306 ignotam
624 3238 653 3284 et
666 3227 800 3288 incultam
817 3226 923 3287 fuisse:
947 3244 990 3305 qur

70 3309 147 3365 tine
145 3313 317 3388 periniserit,
340 3312 473 3388 ipsosmet
494 3310 671 3369 indormiisse
693 3318 736 3364 tot
757 3308 990 3366 abortivorumsa

69 3389 123 3446 luti
137 3409 175 3448 ex
190 3390 318 3449 confesso
332 3394 527 3456 animatorum,
542 3410 594 3448 suc
608 3390 750 3468 responsio
766 3408 816 3467 pro
830 3388 910 3448 nobis
922 3391 990 3447 satis

70 3467 168 3533 icciet

113 3552 272 3630 imponent,
292 3553 440 3613 Judiciunr
455 3556 659 3634 Episcoporum
680 3554 754 3611 circa
769 3559 874 3612 nostras
889 3553 990 3613 These

60 3633 275 3715 expectandum
289 3633 361 3696 iore

80 3803 135 3856 'lu
148 3805 203 3870 Sp,
219 3819 245 3872 ιι.
261 3807 304 3856 66.
318 3807 374 3857 ert.
387 3804 432 3856 ι.
427 3818 454 3851 ιιι
469 3801 530 3852 nne.
