<?xml version="1.0" encoding="UTF-8"?>
<!DOCTYPE html PUBLIC "-//W3C//DTD XHTML 1.0 Transitional//EN"
    "http://www.w3.org/TR/xhtml1/DTD/xhtml1-transitional.dtd">
<html xmlns="http://www.w3.org/1999/xhtml" xml:lang="en" lang="en">
 <head>
  <title>
</title>
<meta http-equiv="Content-Type" content="text/html;charset=utf-8" />
  <meta name='ocr-system' content='tesseract 3.04.00' />
  <meta name='ocr-capabilities' content='ocr_page ocr_carea ocr_par ocr_line ocrx_word'/>
</head>
<body>
  <div class='ocr_page' id='page_1' title='image "./theologiamorali02densgoog_0317.png"; bbox 0 0 2130 3990; ppageno 0'>
   <div class='ocr_carea' id='block_1_1' title="bbox 113 164 668 228">
    <p class='ocr_par' dir='ltr' id='par_1_1' title="bbox 113 164 668 228">
     <span class='ocr_line' id='line_1_1' title="bbox 113 164 668 228; baseline 0.004 -6"><span class='ocrx_word' id='word_1_1' title='bbox 113 164 174 224; x_wconf 77' lang='grc'><strong>310</strong></span> <span class='ocrx_word' id='word_1_2' title='bbox 493 179 668 228; x_wconf 74' lang='lat' dir='ltr'><strong>cancarrus</strong></span> 
     </span>
    </p>
   </div>
   <div class='ocr_carea' id='block_1_2' title="bbox 113 326 1057 994">
    <p class='ocr_par' dir='ltr' id='par_1_2' title="bbox 113 326 1036 731">
     <span class='ocr_line' id='line_1_2' title="bbox 156 326 1034 408; baseline 0.005 -24"><span class='ocrx_word' id='word_1_3' title='bbox 156 327 272 387; x_wconf 89' lang='lat' dir='ltr'><strong>lnterim</strong></span> <span class='ocrx_word' id='word_1_4' title='bbox 286 347 324 386; x_wconf 85' lang='lat' dir='ltr'><strong>ex</strong></span> <span class='ocrx_word' id='word_1_5' title='bbox 337 327 448 408; x_wconf 83' lang='lat' dir='ltr'><strong>objecto</strong></span> <span class='ocrx_word' id='word_1_6' title='bbox 461 337 491 388; x_wconf 87' lang='lat' dir='ltr'><strong>et</strong></span> <span class='ocrx_word' id='word_1_7' title='bbox 509 331 616 387; x_wconf 76' lang='lat' dir='ltr'><strong>ceteris</strong></span> <span class='ocrx_word' id='word_1_8' title='bbox 640 327 752 403; x_wconf 82' lang='lat' dir='ltr'><strong>paribus</strong></span> <span class='ocrx_word' id='word_1_9' title='bbox 768 326 881 406; x_wconf 79' lang='lat' dir='ltr'><strong>gravium</strong></span> <span class='ocrx_word' id='word_1_10' title='bbox 897 335 1034 406; x_wconf 76' lang='lat' dir='ltr'><strong>peccatura</strong></span> 
     </span>
     <span class='ocr_line' id='line_1_3' title="bbox 113 408 1036 488; baseline 0.003 -22"><span class='ocrx_word' id='word_1_11' title='bbox 113 415 157 467; x_wconf 84' lang='lat' dir='ltr'><strong>est</strong></span> <span class='ocrx_word' id='word_1_12' title='bbox 169 408 286 487; x_wconf 87' lang='lat' dir='ltr'><strong>indigna</strong></span> <span class='ocrx_word' id='word_1_13' title='bbox 300 409 479 480; x_wconf 86' lang='lat' dir='ltr'><strong>Communia,</strong></span> <span class='ocrx_word' id='word_1_14' title='bbox 503 408 590 487; x_wconf 80' lang='lat' dir='ltr'><strong>qudm</strong></span> <span class='ocrx_word' id='word_1_15' title='bbox 604 408 719 488; x_wconf 82' lang='lat' dir='ltr'><strong>indigna</strong></span> <span class='ocrx_word' id='word_1_16' title='bbox 739 410 854 469; x_wconf 83' lang='lat' dir='ltr'><strong>alteriue</strong></span> <span class='ocrx_word' id='word_1_17' title='bbox 868 408 1036 469; x_wconf 83' lang='lat' dir='ltr'><strong>Sacramenti</strong></span> 
     </span>
     <span class='ocr_line' id='line_1_4' title="bbox 114 489 1035 569; baseline 0.002 -23"><span class='ocrx_word' id='word_1_18' title='bbox 114 494 261 567; x_wconf 73' lang='lat' dir='ltr'><strong>susceptio.</strong></span> <span class='ocrx_word' id='word_1_19' title='bbox 303 490 439 550; x_wconf 83' lang='lat' dir='ltr'><strong>Similiter</strong></span> <span class='ocrx_word' id='word_1_20' title='bbox 462 493 535 550; x_wconf 90' lang='lat' dir='ltr'><strong>inter</strong></span> <span class='ocrx_word' id='word_1_21' title='bbox 552 493 798 550; x_wconf 87' lang='lat' dir='ltr'><strong>communicantes</strong></span> <span class='ocrx_word' id='word_1_22' title='bbox 812 489 933 566; x_wconf 78' lang='lat' dir='ltr'><strong>indigne</strong></span> <span class='ocrx_word' id='word_1_23' title='bbox 946 490 969 548; x_wconf 86' lang='lat' dir='ltr'><strong>is</strong></span> <span class='ocrx_word' id='word_1_24' title='bbox 982 510 1035 569; x_wconf 89' lang='lat' dir='ltr'><strong>gra·</strong></span> 
     </span>
     <span class='ocr_line' id='line_1_5' title="bbox 114 570 1035 651; baseline 0.005 -25"><span class='ocrx_word' id='word_1_25' title='bbox 114 571 172 628; x_wconf 81' lang='lat' dir='ltr'><strong>vius</strong></span> <span class='ocrx_word' id='word_1_26' title='bbox 186 571 322 651; x_wconf 78' lang='lat' dir='ltr'><strong>delinquit</strong></span> <span class='ocrx_word' id='word_1_27' title='bbox 348 572 456 630; x_wconf 83' lang='lat' dir='ltr'><strong>caeteria</strong></span> <span class='ocrx_word' id='word_1_28' title='bbox 471 571 591 649; x_wconf 81' lang='lat' dir='ltr'><strong>paribus,</strong></span> <span class='ocrx_word' id='word_1_29' title='bbox 612 570 660 647; x_wconf 89' lang='lat' dir='ltr'><strong>qui</strong></span> <span class='ocrx_word' id='word_1_30' title='bbox 685 590 749 629; x_wconf 87' lang='lat' dir='ltr'><strong>cum</strong></span> <span class='ocrx_word' id='word_1_31' title='bbox 776 570 907 649; x_wconf 85' lang='lat' dir='ltr'><strong>pluribus</strong></span> <span class='ocrx_word' id='word_1_32' title='bbox 921 581 971 632; x_wconf 86' lang='lat' dir='ltr'><strong>aut</strong></span> <span class='ocrx_word' id='word_1_33' title='bbox 982 591 1035 650; x_wconf 86' lang='lat' dir='ltr'><strong>gra·</strong></span> 
     </span>
     <span class='ocr_line' id='line_1_6' title="bbox 114 651 1014 731; baseline 0.003 -24"><span class='ocrx_word' id='word_1_34' title='bbox 114 651 235 710; x_wconf 82' lang='lat' dir='ltr'><strong>rioribus</strong></span> <span class='ocrx_word' id='word_1_35' title='bbox 249 657 372 731; x_wconf 85' lang='lat' dir='ltr'><strong>peccatis</strong></span> <span class='ocrx_word' id='word_1_36' title='bbox 390 653 508 711; x_wconf 88' lang='lat' dir='ltr'><strong>accedit.</strong></span> <span class='ocrx_word' id='word_1_37' title='bbox 1002 653 1014 676; x_wconf 79' lang='lat'>&#39;</span> 
     </span>
    </p>

    <p class='ocr_par' dir='ltr' id='par_1_3' title="bbox 114 749 1057 994">
     <span class='ocr_line' id='line_1_7' title="bbox 157 749 1033 832; baseline -0.001 -21"><span class='ocrx_word' id='word_1_38' title='bbox 157 754 205 811; x_wconf 82' lang='lat' dir='ltr'><strong>Ex</strong></span> <span class='ocrx_word' id='word_1_39' title='bbox 224 753 389 830; x_wconf 86' lang='lat' dir='ltr'><strong>supradictis</strong></span> <span class='ocrx_word' id='word_1_40' title='bbox 402 753 531 812; x_wconf 86' lang='lat' dir='ltr'><strong>observat</strong></span> <span class='ocrx_word' id='word_1_41' title='bbox 554 756 693 832; x_wconf 81' lang='lat' dir='ltr'><strong>Steyaert,</strong></span> <span class='ocrx_word' id='word_1_42' title='bbox 709 749 784 832; x_wconf 82' lang='lat' dir='ltr'><strong>qudd</strong></span> <span class='ocrx_word' id='word_1_43' title='bbox 800 751 936 832; x_wconf 86' lang='lat' dir='ltr'><strong>quaedam</strong></span> <span class='ocrx_word' id='word_1_44' title='bbox 951 751 986 810; x_wconf 86' lang='lat' dir='ltr'><strong>de</strong></span> <span class='ocrx_word' id='word_1_45' title='bbox 998 753 1033 811; x_wconf 90' lang='lat' dir='ltr'><strong>in·</strong></span> 
     </span>
     <span class='ocr_line' id='line_1_8' title="bbox 114 832 1057 913; baseline 0.001 -23"><span class='ocrx_word' id='word_1_46' title='bbox 114 833 231 912; x_wconf 88' lang='lat' dir='ltr'><strong>indigna</strong></span> <span class='ocrx_word' id='word_1_47' title='bbox 246 835 450 893; x_wconf 89' lang='lat' dir='ltr'><strong>Communione</strong></span> <span class='ocrx_word' id='word_1_48' title='bbox 465 838 482 894; x_wconf 79' lang='lat' dir='ltr'><strong>a</strong></span> <span class='ocrx_word' id='word_1_49' title='bbox 498 837 718 893; x_wconf 87' lang='lat' dir='ltr'><strong>Conclonatoriis</strong></span> <span class='ocrx_word' id='word_1_50' title='bbox 734 833 790 892; x_wconf 90' lang='lat' dir='ltr'><strong>dici</strong></span> <span class='ocrx_word' id='word_1_51' title='bbox 815 833 902 892; x_wconf 81' lang='lat' dir='ltr'><strong>solita</strong></span> <span class='ocrx_word' id='word_1_52' title='bbox 929 832 1035 912; x_wconf 80' lang='lat' dir='ltr'><strong>intelligi</strong></span> <span class='ocrx_word' id='word_1_53' title='bbox 1051 896 1057 913; x_wconf 30' lang='grc' dir='ltr'>ι</span> 
     </span>
     <span class='ocr_line' id='line_1_9' title="bbox 114 913 654 994; baseline 0.006 -25"><span class='ocrx_word' id='word_1_54' title='bbox 114 913 236 973; x_wconf 87' lang='lat' dir='ltr'><strong>debeant</strong></span> <span class='ocrx_word' id='word_1_55' title='bbox 249 935 299 993; x_wconf 89' lang='lat' dir='ltr'><strong>per</strong></span> <span class='ocrx_word' id='word_1_56' title='bbox 311 918 556 994; x_wconf 81' lang='lat' dir='ltr'><strong>exaggerationem</strong></span> <span class='ocrx_word' id='word_1_57' title='bbox 571 915 654 975; x_wconf 89' lang='lat' dir='ltr'><strong>dicta.</strong></span> 
     </span>
    </p>
   </div>
   <div class='ocr_carea' id='block_1_3' title="bbox 114 1112 1031 1266">
    <p class='ocr_par' dir='ltr' id='par_1_4' title="bbox 114 1112 1031 1266">
     <span class='ocr_line' id='line_1_10' title="bbox 114 1112 1031 1183; baseline 0.001 -9"><span class='ocrx_word' id='word_1_58' title='bbox 114 1118 154 1175; x_wconf 88' lang='lat' dir='ltr'><strong>N.</strong></span> <span class='ocrx_word' id='word_1_59' title='bbox 171 1118 218 1175; x_wconf 83' lang='lat'><strong>40.</strong></span> <span class='ocrx_word' id='word_1_60' title='bbox 232 1118 290 1177; x_wconf 79' lang='lat' dir='ltr'><strong>AN</strong></span> <span class='ocrx_word' id='word_1_61' title='bbox 307 1119 547 1180; x_wconf 86' lang='lat' dir='ltr'><strong>COMMUNlO</strong></span> <span class='ocrx_word' id='word_1_62' title='bbox 562 1119 630 1178; x_wconf 84' lang='lat' dir='ltr'><strong>SIT</strong></span> <span class='ocrx_word' id='word_1_63' title='bbox 655 1118 872 1183; x_wconf 77' lang='lat' dir='ltr'><strong>NuGANDA</strong></span> <span class='ocrx_word' id='word_1_64' title='bbox 895 1112 1031 1177; x_wconf 77' lang='lat' dir='ltr'><strong>PECCA·</strong></span> 
     </span>
     <span class='ocr_line' id='line_1_11' title="bbox 406 1198 746 1266; baseline 0.003 -7"><span class='ocrx_word' id='word_1_65' title='bbox 406 1199 513 1260; x_wconf 82' lang='lat' dir='ltr'><strong>TORI</strong></span> <span class='ocrx_word' id='word_1_66' title='bbox 535 1198 746 1266; x_wconf 84' lang='lat' dir='ltr'><strong>OCCULTO.</strong></span> 
     </span>
    </p>
   </div>
   <div class='ocr_carea' id='block_1_4' title="bbox 115 1402 1061 1645">
    <p class='ocr_par' dir='ltr' id='par_1_5' title="bbox 115 1402 1061 1645">
     <span class='ocr_line' id='line_1_12' title="bbox 115 1402 1028 1485; baseline 0.003 -27"><span class='ocrx_word' id='word_1_67' title='bbox 115 1402 312 1462; x_wconf 72' lang='lat' dir='ltr'><strong>[Peccatori</strong></span> <span class='ocrx_word' id='word_1_68' title='bbox 343 1404 459 1464; x_wconf 84' lang='lat' dir='ltr'><strong>occulto</strong></span> <span class='ocrx_word' id='word_1_69' title='bbox 481 1405 700 1464; x_wconf 71' lang='lat' dir='ltr'><strong>Errclrurtatr&#39;um</strong></span> <span class='ocrx_word' id='word_1_70' title='bbox 719 1407 843 1485; x_wconf 82' lang='lat' dir='ltr'><strong>petenti,</strong></span> <span class='ocrx_word' id='word_1_71' title='bbox 890 1403 929 1462; x_wconf 90' lang='lat' dir='ltr'><strong>ll.</strong></span> <span class='ocrx_word' id='word_1_72' title='bbox 946 1402 1028 1463; x_wconf 78' lang='lat' dir='ltr'><strong>Aliter</strong></span> 
     </span>
     <span class='ocr_line' id='line_1_13' title="bbox 150 1484 1061 1566; baseline 0.004 -25"><span class='ocrx_word' id='word_1_73' title='bbox 150 1490 219 1542; x_wconf 86' lang='lat' dir='ltr'><strong>uoto</strong></span> <span class='ocrx_word' id='word_1_74' title='bbox 233 1489 320 1563; x_wconf 82' lang='lat' dir='ltr'><strong>purim</strong></span> <span class='ocrx_word' id='word_1_75' title='bbox 348 1507 384 1543; x_wconf 77' lang='lat' dir='ltr'><strong>ex</strong></span> <span class='ocrx_word' id='word_1_76' title='bbox 405 1486 597 1551; x_wconf 79' lang='lat' dir='ltr'><strong>confeosicue,</strong></span> <span class='ocrx_word' id='word_1_77' title='bbox 640 1484 694 1543; x_wconf 83' lang='grc' dir='ltr'><strong>ΙΙΙ.</strong></span> <span class='ocrx_word' id='word_1_78' title='bbox 720 1485 872 1564; x_wconf 85' lang='lat' dir='ltr'><strong>Neganda</strong></span> <span class='ocrx_word' id='word_1_79' title='bbox 896 1492 942 1545; x_wconf 82' lang='lat' dir='ltr'><strong>est</strong></span> <span class='ocrx_word' id='word_1_80' title='bbox 964 1505 1024 1545; x_wconf 86' lang='lat' dir='ltr'><strong>com·</strong></span> <span class='ocrx_word' id='word_1_81' title='bbox 1056 1560 1061 1566; x_wconf 28' lang='grc' dir='ltr'>Ι</span> 
     </span>
     <span class='ocr_line' id='line_1_14' title="bbox 150 1565 743 1645; baseline 0.003 -23"><span class='ocrx_word' id='word_1_82' title='bbox 150 1572 258 1638; x_wconf 82' lang='lat' dir='ltr'><strong>rrruur&#39;o,</strong></span> <span class='ocrx_word' id='word_1_83' title='bbox 285 1567 339 1626; x_wconf 91' lang='lat' dir='ltr'><strong>lV.</strong></span> <span class='ocrx_word' id='word_1_84' title='bbox 358 1567 503 1627; x_wconf 80' lang='lat' dir='ltr'><strong>Nc&#39;or&#39;eam</strong></span> <span class='ocrx_word' id='word_1_85' title='bbox 514 1565 637 1645; x_wconf 76' lang='lat' dir='ltr'><strong>publice</strong></span> <span class='ocrx_word' id='word_1_86' title='bbox 647 1572 743 1645; x_wconf 80' lang='lat' dir='ltr'><strong>petat.</strong></span> 
     </span>
    </p>
   </div>
   <div class='ocr_carea' id='block_1_5' title="bbox 108 1746 1061 2092">
    <p class='ocr_par' dir='ltr' id='par_1_6' title="bbox 108 1746 1061 2092">
     <span class='ocr_line' id='line_1_15' title="bbox 152 1746 1058 1847; baseline 0.007 -21"><span class='ocrx_word' id='word_1_87' title='bbox 152 1770 175 1826; x_wconf 91' lang='lat' dir='ltr'><strong>l.</strong></span> <span class='ocrx_word' id='word_1_88' title='bbox 196 1770 345 1838; x_wconf 76' lang='lat' dir='ltr'><strong>Qumsrro</strong></span> <span class='ocrx_word' id='word_1_89' title='bbox 376 1771 403 1829; x_wconf 91' lang='lat' dir='ltr'><strong>in</strong></span> <span class='ocrx_word' id='word_1_90' title='bbox 432 1771 616 1847; x_wconf 88' lang='lat' dir='ltr'><strong>sequentibus</strong></span> <span class='ocrx_word' id='word_1_91' title='bbox 641 1790 696 1829; x_wconf 90' lang='lat' dir='ltr'><strong>non</strong></span> <span class='ocrx_word' id='word_1_92' title='bbox 723 1770 890 1837; x_wconf 85' lang='lat' dir='ltr'><strong>instituitur.</strong></span> <span class='ocrx_word' id='word_1_93' title='bbox 923 1773 1020 1832; x_wconf 84' lang='lat' dir='ltr'><strong>cuinam</strong></span> <span class='ocrx_word' id='word_1_94' title='bbox 1054 1746 1058 1776; x_wconf 51' lang='grc' dir='ltr'>Ἰ</span> 
     </span>
     <span class='ocr_line' id='line_1_16' title="bbox 108 1850 1061 1930; baseline 0.007 -23"><span class='ocrx_word' id='word_1_95' title='bbox 108 1850 303 1910; x_wconf 86' lang='lat' dir='ltr'><strong>Confessarius</strong></span> <span class='ocrx_word' id='word_1_96' title='bbox 319 1854 479 1930; x_wconf 85' lang='lat' dir='ltr'><strong>permittere</strong></span> <span class='ocrx_word' id='word_1_97' title='bbox 491 1853 533 1910; x_wconf 86' lang='lat' dir='ltr'><strong>vel</strong></span> <span class='ocrx_word' id='word_1_98' title='bbox 548 1850 710 1910; x_wconf 84' lang='lat' dir='ltr'><strong>interdicere</strong></span> <span class='ocrx_word' id='word_1_99' title='bbox 732 1850 836 1910; x_wconf 89' lang='lat' dir='ltr'><strong>debeat</strong></span> <span class='ocrx_word' id='word_1_100' title='bbox 851 1852 1019 1912; x_wconf 79' lang='lat' dir='ltr'><strong>Communia</strong></span> <span class='ocrx_word' id='word_1_101' title='bbox 1057 1906 1061 1914; x_wconf 92' lang='grc'><em>,</em></span> 
     </span>
     <span class='ocr_line' id='line_1_17' title="bbox 109 1931 1019 2013; baseline 0.004 -24"><span class='ocrx_word' id='word_1_102' title='bbox 109 1953 190 2002; x_wconf 87' lang='lat' dir='ltr'><strong>nem;</strong></span> <span class='ocrx_word' id='word_1_103' title='bbox 214 1932 263 1990; x_wconf 87' lang='lat' dir='ltr'><strong>sed</strong></span> <span class='ocrx_word' id='word_1_104' title='bbox 279 1935 388 1990; x_wconf 89' lang='lat' dir='ltr'><strong>cuinam</strong></span> <span class='ocrx_word' id='word_1_105' title='bbox 405 1931 466 2010; x_wconf 91' lang='lat' dir='ltr'><strong>jam</strong></span> <span class='ocrx_word' id='word_1_106' title='bbox 478 1952 508 1990; x_wconf 87' lang='lat' dir='ltr'><strong>se</strong></span> <span class='ocrx_word' id='word_1_107' title='bbox 522 1931 558 1991; x_wconf 89' lang='lat' dir='ltr'><strong>ad</strong></span> <span class='ocrx_word' id='word_1_108' title='bbox 572 1932 840 1991; x_wconf 88' lang='lat' dir='ltr'><strong>communicandum</strong></span> <span class='ocrx_word' id='word_1_109' title='bbox 855 1937 1019 2013; x_wconf 76' lang='lat' dir='ltr'><strong>praesentanti</strong></span> 
     </span>
     <span class='ocr_line' id='line_1_18' title="bbox 108 2012 710 2092; baseline -0.003 -20"><span class='ocrx_word' id='word_1_110' title='bbox 108 2012 243 2072; x_wconf 81' lang='lat' dir='ltr'><strong>Sacerdos</strong></span> <span class='ocrx_word' id='word_1_111' title='bbox 257 2034 318 2072; x_wconf 90' lang='lat' dir='ltr'><strong>eam</strong></span> <span class='ocrx_word' id='word_1_112' title='bbox 332 2012 434 2071; x_wconf 87' lang='lat' dir='ltr'><strong>debeat</strong></span> <span class='ocrx_word' id='word_1_113' title='bbox 447 2012 522 2086; x_wconf 88' lang='lat' dir='ltr'><strong>dare,</strong></span> <span class='ocrx_word' id='word_1_114' title='bbox 545 2013 586 2072; x_wconf 88' lang='lat' dir='ltr'><strong>vel</strong></span> <span class='ocrx_word' id='word_1_115' title='bbox 600 2033 710 2092; x_wconf 90' lang='lat' dir='ltr'><strong>negare.</strong></span> 
     </span>
    </p>
   </div>
   <div class='ocr_carea' id='block_1_6' title="bbox 104 2116 1019 2358">
    <p class='ocr_par' dir='ltr' id='par_1_7' title="bbox 104 2116 1019 2358">
     <span class='ocr_line' id='line_1_19' title="bbox 146 2116 1019 2195; baseline -0.002 -21"><span class='ocrx_word' id='word_1_116' title='bbox 146 2116 192 2175; x_wconf 84' lang='lat' dir='ltr'><strong>Ad</strong></span> <span class='ocrx_word' id='word_1_117' title='bbox 206 2117 279 2192; x_wconf 89' lang='lat' dir='ltr'><strong>quod</strong></span> <span class='ocrx_word' id='word_1_118' title='bbox 293 2118 457 2195; x_wconf 82' lang='lat' dir='ltr'><strong>generaliter</strong></span> <span class='ocrx_word' id='word_1_119' title='bbox 470 2116 619 2195; x_wconf 83' lang='lat' dir='ltr'><strong>respondet</strong></span> <span class='ocrx_word' id='word_1_120' title='bbox 634 2117 748 2176; x_wconf 90' lang='lat' dir='ltr'><strong>Rituale</strong></span> <span class='ocrx_word' id='word_1_121' title='bbox 765 2116 851 2176; x_wconf 86' lang='lat' dir='ltr'><strong>Rom.</strong></span> <span class='ocrx_word' id='word_1_122' title='bbox 867 2119 914 2177; x_wconf 84' lang='lat' dir='ltr'><strong>hie</strong></span> <span class='ocrx_word' id='word_1_123' title='bbox 929 2117 1019 2175; x_wconf 77' lang='lat' dir='ltr'><strong>verbis³</strong></span> 
     </span>
     <span class='ocr_line' id='line_1_20' title="bbox 104 2197 1019 2258; baseline -0.001 -3"><span class='ocrx_word' id='word_1_124' title='bbox 104 2199 253 2256; x_wconf 83' lang='lat' dir='ltr'><strong>“Fideles</strong></span> <span class='ocrx_word' id='word_1_125' title='bbox 283 2219 381 2258; x_wconf 85' lang='lat' dir='ltr'><strong>omnes</strong></span> <span class='ocrx_word' id='word_1_126' title='bbox 395 2197 432 2256; x_wconf 93' lang='lat' dir='ltr'><strong>ad</strong></span> <span class='ocrx_word' id='word_1_127' title='bbox 457 2199 575 2256; x_wconf 85' lang='lat' dir='ltr'><strong>Sacram</strong></span> <span class='ocrx_word' id='word_1_128' title='bbox 602 2199 839 2257; x_wconf 87' lang='lat' dir='ltr'><strong>Communiouem</strong></span> <span class='ocrx_word' id='word_1_129' title='bbox 866 2197 1019 2257; x_wconf 86' lang='lat' dir='ltr'><strong>admittendi</strong></span> 
     </span>
     <span class='ocr_line' id='line_1_21' title="bbox 106 2278 911 2358; baseline -0.001 -21"><span class='ocrx_word' id='word_1_130' title='bbox 106 2284 124 2312; x_wconf 88' lang='lat'>“</span> <span class='ocrx_word' id='word_1_131' title='bbox 139 2288 213 2343; x_wconf 89' lang='lat' dir='ltr'><strong>sunt,</strong></span> <span class='ocrx_word' id='word_1_132' title='bbox 229 2282 355 2358; x_wconf 79' lang='lat' dir='ltr'><strong>exceptis</strong></span> <span class='ocrx_word' id='word_1_133' title='bbox 370 2282 412 2351; x_wconf 74' lang='lat' dir='ltr'><strong>iis,</strong></span> <span class='ocrx_word' id='word_1_134' title='bbox 426 2282 473 2358; x_wconf 92' lang='lat' dir='ltr'><strong>qui</strong></span> <span class='ocrx_word' id='word_1_135' title='bbox 484 2279 560 2357; x_wconf 80' lang='lat' dir='ltr'><strong>justd</strong></span> <span class='ocrx_word' id='word_1_136' title='bbox 578 2281 682 2337; x_wconf 91' lang='lat' dir='ltr'><strong>ratione</strong></span> <span class='ocrx_word' id='word_1_137' title='bbox 698 2278 911 2357; x_wconf 80' lang='lat' dir='ltr'><strong>prohibentur.”</strong></span> 
     </span>
    </p>
   </div>
   <div class='ocr_carea' id='block_1_7' title="bbox 103 2381 1063 2542">
    <p class='ocr_par' dir='ltr' id='par_1_8' title="bbox 103 2381 1063 2542">
     <span class='ocr_line' id='line_1_22' title="bbox 143 2381 1063 2462; baseline -0.003 -20"><span class='ocrx_word' id='word_1_138' title='bbox 143 2381 228 2442; x_wconf 89' lang='lat' dir='ltr'><strong>Unde</strong></span> <span class='ocrx_word' id='word_1_139' title='bbox 243 2385 386 2460; x_wconf 83' lang='lat' dir='ltr'><strong>quaritur,</strong></span> <span class='ocrx_word' id='word_1_140' title='bbox 401 2385 515 2461; x_wconf 89' lang='lat' dir='ltr'><strong>quinam</strong></span> <span class='ocrx_word' id='word_1_141' title='bbox 536 2384 576 2441; x_wconf 91' lang='lat' dir='ltr'><strong>sic</strong></span> <span class='ocrx_word' id='word_1_142' title='bbox 595 2382 675 2460; x_wconf 79' lang='lat' dir='ltr'><strong>justd</strong></span> <span class='ocrx_word' id='word_1_143' title='bbox 689 2384 796 2443; x_wconf 87' lang='lat' dir='ltr'><strong>ratione</strong></span> <span class='ocrx_word' id='word_1_144' title='bbox 811 2381 1019 2462; x_wconf 84' lang='lat' dir='ltr'><strong>prohibeantur:</strong></span> <span class='ocrx_word' id='word_1_145' title='bbox 1060 2398 1063 2453; x_wconf 68' lang='lat' dir='ltr'><strong>g</strong></span> 
     </span>
     <span class='ocr_line' id='line_1_23' title="bbox 103 2463 642 2542; baseline 0.002 -22"><span class='ocrx_word' id='word_1_146' title='bbox 103 2473 131 2520; x_wconf 84' lang='lat' dir='ltr'><strong>et</strong></span> <span class='ocrx_word' id='word_1_147' title='bbox 146 2466 280 2541; x_wconf 87' lang='lat' dir='ltr'><strong>imprimis</strong></span> <span class='ocrx_word' id='word_1_148' title='bbox 295 2463 329 2521; x_wconf 92' lang='lat' dir='ltr'><strong>de</strong></span> <span class='ocrx_word' id='word_1_149' title='bbox 342 2472 493 2542; x_wconf 84' lang='lat' dir='ltr'><strong>peccatore</strong></span> <span class='ocrx_word' id='word_1_150' title='bbox 507 2463 642 2523; x_wconf 81' lang='lat' dir='ltr'><strong>occulto?</strong></span> 
     </span>
    </p>
   </div>
   <div class='ocr_carea' id='block_1_8' title="bbox 101 2562 1025 2966">
    <p class='ocr_par' dir='ltr' id='par_1_9' title="bbox 101 2562 1025 2966">
     <span class='ocr_line' id='line_1_24' title="bbox 143 2562 1020 2643; baseline -0.001 -23"><span class='ocrx_word' id='word_1_151' title='bbox 143 2562 181 2620; x_wconf 89' lang='lat' dir='ltr'><strong>ll.</strong></span> <span class='ocrx_word' id='word_1_152' title='bbox 197 2564 237 2621; x_wconf 81' lang='lat' dir='ltr'><strong>R.</strong></span> <span class='ocrx_word' id='word_1_153' title='bbox 252 2563 290 2619; x_wconf 92' lang='lat' dir='ltr'><strong>l⁰·</strong></span> <span class='ocrx_word' id='word_1_154' title='bbox 305 2564 338 2621; x_wconf 91' lang='lat' dir='ltr'><strong>Si</strong></span> <span class='ocrx_word' id='word_1_155' title='bbox 350 2563 410 2641; x_wconf 87' lang='lat' dir='ltr'><strong>ojus</strong></span> <span class='ocrx_word' id='word_1_156' title='bbox 424 2573 571 2643; x_wconf 89' lang='lat' dir='ltr'><strong>peccatum</strong></span> <span class='ocrx_word' id='word_1_157' title='bbox 586 2586 624 2623; x_wconf 85' lang='lat' dir='ltr'><strong>ex</strong></span> <span class='ocrx_word' id='word_1_158' title='bbox 646 2565 708 2624; x_wconf 87' lang='lat' dir='ltr'><strong>sola</strong></span> <span class='ocrx_word' id='word_1_159' title='bbox 735 2563 911 2624; x_wconf 76' lang='lat' dir='ltr'><strong>consessione</strong></span> <span class='ocrx_word' id='word_1_160' title='bbox 939 2582 1020 2622; x_wconf 86' lang='lat' dir='ltr'><strong>sacra-</strong></span> 
     </span>
     <span class='ocr_line' id='line_1_25' title="bbox 103 2643 1023 2725; baseline -0.002 -23"><span class='ocrx_word' id='word_1_161' title='bbox 103 2647 219 2704; x_wconf 87' lang='lat' dir='ltr'><strong>mentali</strong></span> <span class='ocrx_word' id='word_1_162' title='bbox 247 2647 411 2715; x_wconf 86' lang='lat' dir='ltr'><strong>constiterit,</strong></span> <span class='ocrx_word' id='word_1_163' title='bbox 445 2654 512 2704; x_wconf 89' lang='lat' dir='ltr'><strong>tunc</strong></span> <span class='ocrx_word' id='word_1_164' title='bbox 538 2648 592 2725; x_wconf 78' lang='lat' dir='ltr'><strong>ipsi</strong></span> <span class='ocrx_word' id='word_1_165' title='bbox 625 2649 683 2704; x_wconf 85' lang='lat' dir='ltr'><strong>sire</strong></span> <span class='ocrx_word' id='word_1_166' title='bbox 704 2645 815 2706; x_wconf 77' lang='lat' dir='ltr'><strong>occulte</strong></span> <span class='ocrx_word' id='word_1_167' title='bbox 834 2649 892 2703; x_wconf 86' lang='lat' dir='ltr'><strong>sive</strong></span> <span class='ocrx_word' id='word_1_168' title='bbox 920 2643 1023 2724; x_wconf 79' lang='lat' dir='ltr'><strong>publice</strong></span> 
     </span>
     <span class='ocr_line' id='line_1_26' title="bbox 102 2724 1025 2807; baseline -0.001 -25"><span class='ocrx_word' id='word_1_169' title='bbox 102 2725 206 2803; x_wconf 85' lang='lat' dir='ltr'><strong>petenti</strong></span> <span class='ocrx_word' id='word_1_170' title='bbox 221 2746 276 2783; x_wconf 94' lang='lat' dir='ltr'><strong>non</strong></span> <span class='ocrx_word' id='word_1_171' title='bbox 291 2727 356 2785; x_wconf 89' lang='lat' dir='ltr'><strong>licet</strong></span> <span class='ocrx_word' id='word_1_172' title='bbox 371 2727 603 2786; x_wconf 77' lang='lat' dir='ltr'><strong>communionem</strong></span> <span class='ocrx_word' id='word_1_173' title='bbox 619 2726 773 2807; x_wconf 89' lang='lat' dir='ltr'><strong>denegare:</strong></span> <span class='ocrx_word' id='word_1_174' title='bbox 791 2730 858 2806; x_wconf 91' lang='lat' dir='ltr'><strong>quia</strong></span> <span class='ocrx_word' id='word_1_175' title='bbox 872 2747 942 2783; x_wconf 84' lang='lat' dir='ltr'><strong>usus</strong></span> <span class='ocrx_word' id='word_1_176' title='bbox 956 2724 1025 2783; x_wconf 82' lang='lat' dir='ltr'><strong>illiue·</strong></span> 
     </span>
     <span class='ocr_line' id='line_1_27' title="bbox 101 2805 1023 2886; baseline -0.001 -22"><span class='ocrx_word' id='word_1_177' title='bbox 101 2809 233 2876; x_wconf 76' lang='lat' dir='ltr'><strong>scientia,</strong></span> <span class='ocrx_word' id='word_1_178' title='bbox 259 2815 392 2886; x_wconf 89' lang='lat' dir='ltr'><strong>tanquam</strong></span> <span class='ocrx_word' id='word_1_179' title='bbox 405 2808 528 2866; x_wconf 87' lang='lat' dir='ltr'><strong>virtualis</strong></span> <span class='ocrx_word' id='word_1_180' title='bbox 542 2808 671 2886; x_wconf 76' lang='lat' dir='ltr'><strong>quadam</strong></span> <span class='ocrx_word' id='word_1_181' title='bbox 699 2810 824 2868; x_wconf 89' lang='lat' dir='ltr'><strong>criminis</strong></span> <span class='ocrx_word' id='word_1_182' title='bbox 849 2805 1023 2886; x_wconf 79' lang='lat' dir='ltr'><strong>exprobatio,</strong></span> 
     </span>
     <span class='ocr_line' id='line_1_28' title="bbox 101 2887 643 2966; baseline 0.009 -22"><span class='ocrx_word' id='word_1_183' title='bbox 101 2887 172 2946; x_wconf 86' lang='lat' dir='ltr'><strong>foret</strong></span> <span class='ocrx_word' id='word_1_184' title='bbox 186 2895 285 2945; x_wconf 86' lang='lat' dir='ltr'><strong>contra</strong></span> <span class='ocrx_word' id='word_1_185' title='bbox 297 2889 418 2966; x_wconf 88' lang='lat' dir='ltr'><strong>sigillum</strong></span> <span class='ocrx_word' id='word_1_186' title='bbox 432 2891 643 2950; x_wconf 79' lang='lat' dir='ltr'><strong>sacramentale.</strong></span> 
     </span>
    </p>
   </div>
   <div class='ocr_carea' id='block_1_9' title="bbox 96 2986 1025 3474">
    <p class='ocr_par' dir='ltr' id='par_1_10' title="bbox 96 2986 1063 3474">
     <span class='ocr_line' id='line_1_29' title="bbox 142 2986 1023 3070; baseline 0.001 -25"><span class='ocrx_word' id='word_1_187' title='bbox 142 2987 197 3045; x_wconf 89' lang='grc' dir='ltr'><strong>ΙΙΙ.</strong></span> <span class='ocrx_word' id='word_1_188' title='bbox 214 2988 253 3047; x_wconf 88' lang='lat' dir='ltr'><strong>R.</strong></span> <span class='ocrx_word' id='word_1_189' title='bbox 273 2989 315 3046; x_wconf 85' lang='lat'><strong>2⁰·</strong></span> <span class='ocrx_word' id='word_1_190' title='bbox 332 2990 475 3048; x_wconf 86' lang='lat' dir='ltr'><strong>Peccatori</strong></span> <span class='ocrx_word' id='word_1_191' title='bbox 499 2990 618 3063; x_wconf 90' lang='lat' dir='ltr'><strong>occulto,</strong></span> <span class='ocrx_word' id='word_1_192' title='bbox 641 3010 723 3070; x_wconf 90' lang='lat' dir='ltr'><strong>quem</strong></span> <span class='ocrx_word' id='word_1_193' title='bbox 751 2986 864 3048; x_wconf 89' lang='lat' dir='ltr'><strong>aliunde</strong></span> <span class='ocrx_word' id='word_1_194' title='bbox 888 2991 1023 3067; x_wconf 79' lang='lat' dir='ltr'><strong>quamex</strong></span> 
     </span>
     <span class='ocr_line' id='line_1_30' title="bbox 100 3068 1023 3149; baseline -0.002 -21"><span class='ocrx_word' id='word_1_195' title='bbox 100 3069 270 3129; x_wconf 88' lang='lat' dir='ltr'><strong>confessione</strong></span> <span class='ocrx_word' id='word_1_196' title='bbox 292 3078 401 3129; x_wconf 87' lang='lat' dir='ltr'><strong>constat</strong></span> <span class='ocrx_word' id='word_1_197' title='bbox 415 3089 475 3128; x_wconf 89' lang='lat' dir='ltr'><strong>essa</strong></span> <span class='ocrx_word' id='word_1_198' title='bbox 489 3070 586 3143; x_wconf 85' lang='lat' dir='ltr'><strong>talem,</strong></span> <span class='ocrx_word' id='word_1_199' title='bbox 600 3070 766 3149; x_wconf 87' lang='lat' dir='ltr'><strong>deneganda</strong></span> <span class='ocrx_word' id='word_1_200' title='bbox 779 3078 822 3131; x_wconf 80' lang='lat' dir='ltr'><strong>est</strong></span> <span class='ocrx_word' id='word_1_201' title='bbox 835 3070 928 3127; x_wconf 85' lang='lat' dir='ltr'><strong>Sacra</strong></span> <span class='ocrx_word' id='word_1_202' title='bbox 943 3068 1023 3128; x_wconf 87' lang='lat' dir='ltr'><strong>Com·</strong></span> 
     </span>
     <span class='ocr_line' id='line_1_31' title="bbox 99 3150 1024 3229; baseline 0 -21"><span class='ocrx_word' id='word_1_203' title='bbox 99 3154 203 3220; x_wconf 86' lang='lat' dir='ltr'><strong>urunio,</strong></span> <span class='ocrx_word' id='word_1_204' title='bbox 228 3156 328 3211; x_wconf 87' lang='lat' dir='ltr'><strong>sicam</strong></span> <span class='ocrx_word' id='word_1_205' title='bbox 351 3152 462 3210; x_wconf 76' lang='lat' dir='ltr'><strong>occulte</strong></span> <span class='ocrx_word' id='word_1_206' title='bbox 486 3161 581 3229; x_wconf 86' lang='lat' dir='ltr'><strong>petat:</strong></span> <span class='ocrx_word' id='word_1_207' title='bbox 602 3155 643 3212; x_wconf 90' lang='lat' dir='ltr'><strong>ita</strong></span> <span class='ocrx_word' id='word_1_208' title='bbox 664 3151 819 3211; x_wconf 87' lang='lat' dir='ltr'><strong>Pastoralia</strong></span> <span class='ocrx_word' id='word_1_209' title='bbox 843 3159 872 3208; x_wconf 88' lang='lat' dir='ltr'><strong>et</strong></span> <span class='ocrx_word' id='word_1_210' title='bbox 886 3150 1024 3228; x_wconf 84' lang='lat' dir='ltr'><strong>Theologi</strong></span> 
     </span>
     <span class='ocr_line' id='line_1_32' title="bbox 101 3230 1025 3312; baseline 0.001 -24"><span class='ocrx_word' id='word_1_211' title='bbox 101 3238 300 3292; x_wconf 89' lang='lat' dir='ltr'><strong>communiter:</strong></span> <span class='ocrx_word' id='word_1_212' title='bbox 321 3241 350 3292; x_wconf 87' lang='lat' dir='ltr'><strong>et</strong></span> <span class='ocrx_word' id='word_1_213' title='bbox 371 3237 439 3290; x_wconf 88' lang='lat' dir='ltr'><strong>ratio</strong></span> <span class='ocrx_word' id='word_1_214' title='bbox 459 3239 510 3298; x_wconf 88' lang='lat' dir='ltr'><strong>est,</strong></span> <span class='ocrx_word' id='word_1_215' title='bbox 532 3232 606 3312; x_wconf 81' lang='lat' dir='ltr'><strong>qudd</strong></span> <span class='ocrx_word' id='word_1_216' title='bbox 630 3235 694 3294; x_wconf 85' lang='lat' dir='ltr'><strong>talis</strong></span> <span class='ocrx_word' id='word_1_217' title='bbox 718 3234 819 3292; x_wconf 85' lang='lat' dir='ltr'><strong>sciatur</strong></span> <span class='ocrx_word' id='word_1_218' title='bbox 843 3230 1025 3310; x_wconf 87' lang='lat' dir='ltr'><strong>indignus,et</strong></span> 
     </span>
     <span class='ocr_line' id='line_1_33' title="bbox 96 3311 1023 3392; baseline 0.002 -25"><span class='ocrx_word' id='word_1_219' title='bbox 96 3313 211 3372; x_wconf 87' lang='lat' dir='ltr'><strong>aliunde</strong></span> <span class='ocrx_word' id='word_1_220' title='bbox 236 3314 346 3374; x_wconf 90' lang='lat' dir='ltr'><strong>nullum</strong></span> <span class='ocrx_word' id='word_1_221' title='bbox 371 3312 581 3374; x_wconf 89' lang='lat' dir='ltr'><strong>incommodum</strong></span> <span class='ocrx_word' id='word_1_222' title='bbox 603 3316 639 3374; x_wconf 88' lang='lat' dir='ltr'><strong>sit</strong></span> <span class='ocrx_word' id='word_1_223' title='bbox 659 3320 756 3374; x_wconf 90' lang='lat' dir='ltr'><strong>natum</strong></span> <span class='ocrx_word' id='word_1_224' title='bbox 771 3316 849 3392; x_wconf 86' lang='lat' dir='ltr'><strong>sequi</strong></span> <span class='ocrx_word' id='word_1_225' title='bbox 862 3333 899 3371; x_wconf 87' lang='lat' dir='ltr'><strong>ex</strong></span> <span class='ocrx_word' id='word_1_226' title='bbox 915 3311 967 3371; x_wconf 90' lang='lat' dir='ltr'><strong>tali</strong></span> <span class='ocrx_word' id='word_1_227' title='bbox 980 3331 1023 3370; x_wconf 93' lang='lat' dir='ltr'><strong>oc-</strong></span> 
     </span>
     <span class='ocr_line' id='line_1_34' title="bbox 98 3392 384 3474; baseline 0.014 -24"><span class='ocrx_word' id='word_1_228' title='bbox 98 3392 175 3452; x_wconf 86' lang='lat' dir='ltr'><strong>culta</strong></span> <span class='ocrx_word' id='word_1_229' title='bbox 189 3395 384 3474; x_wconf 85' lang='lat' dir='ltr'><strong>denegatione.</strong></span> 
     </span>
    </p>
   </div>
   <div class='ocr_carea' id='block_1_10' title="bbox 96 3493 1025 3822">
    <p class='ocr_par' dir='ltr' id='par_1_11' title="bbox 96 3493 1025 3822">
     <span class='ocr_line' id='line_1_35' title="bbox 139 3493 1025 3578; baseline 0.007 -29"><span class='ocrx_word' id='word_1_230' title='bbox 139 3493 194 3551; x_wconf 87' lang='lat' dir='ltr'><strong>IV.</strong></span> <span class='ocrx_word' id='word_1_231' title='bbox 220 3497 256 3553; x_wconf 89' lang='lat' dir='ltr'><strong>R.</strong></span> <span class='ocrx_word' id='word_1_232' title='bbox 277 3497 319 3554; x_wconf 81' lang='lat'><strong>3⁰·</strong></span> <span class='ocrx_word' id='word_1_233' title='bbox 333 3497 365 3556; x_wconf 92' lang='lat' dir='ltr'><strong>Si</strong></span> <span class='ocrx_word' id='word_1_234' title='bbox 386 3501 448 3555; x_wconf 82' lang='lat' dir='ltr'><strong>rard</strong></span> <span class='ocrx_word' id='word_1_235' title='bbox 475 3518 539 3556; x_wconf 90' lang='lat' dir='ltr'><strong>eam</strong></span> <span class='ocrx_word' id='word_1_236' title='bbox 562 3496 674 3576; x_wconf 77' lang='lat' dir='ltr'><strong>publice</strong></span> <span class='ocrx_word' id='word_1_237' title='bbox 697 3503 784 3578; x_wconf 85' lang='lat' dir='ltr'><strong>petat,</strong></span> <span class='ocrx_word' id='word_1_238' title='bbox 811 3515 835 3553; x_wconf 84' lang='lat' dir='ltr'><strong>v.</strong></span> <span class='ocrx_word' id='word_1_239' title='bbox 851 3517 879 3575; x_wconf 86' lang='lat' dir='ltr'><strong>g.</strong></span> <span class='ocrx_word' id='word_1_240' title='bbox 893 3497 918 3554; x_wconf 89' lang='lat' dir='ltr'><strong>si</strong></span> <span class='ocrx_word' id='word_1_241' title='bbox 931 3494 1025 3555; x_wconf 82' lang='lat' dir='ltr'><strong>flectat</strong></span> 
     </span>
     <span class='ocr_line' id='line_1_36' title="bbox 97 3574 1024 3659; baseline 0.004 -27"><span class='ocrx_word' id='word_1_242' title='bbox 97 3594 160 3632; x_wconf 84' lang='lat' dir='ltr'><strong>cum</strong></span> <span class='ocrx_word' id='word_1_243' title='bbox 175 3574 237 3634; x_wconf 81' lang='lat' dir='ltr'><strong>aliis</strong></span> <span class='ocrx_word' id='word_1_244' title='bbox 249 3579 277 3635; x_wconf 94' lang='lat' dir='ltr'><strong>in</strong></span> <span class='ocrx_word' id='word_1_245' title='bbox 293 3598 393 3636; x_wconf 88' lang='lat' dir='ltr'><strong>mensa</strong></span> <span class='ocrx_word' id='word_1_246' title='bbox 407 3577 626 3651; x_wconf 79' lang='lat' dir='ltr'><strong>communionis,</strong></span> <span class='ocrx_word' id='word_1_247' title='bbox 640 3587 708 3638; x_wconf 91' lang='lat' dir='ltr'><strong>tunc</strong></span> <span class='ocrx_word' id='word_1_248' title='bbox 721 3599 778 3637; x_wconf 88' lang='lat' dir='ltr'><strong>nou</strong></span> <span class='ocrx_word' id='word_1_249' title='bbox 788 3587 880 3659; x_wconf 82' lang='lat' dir='ltr'><strong>potest</strong></span> <span class='ocrx_word' id='word_1_250' title='bbox 889 3576 1024 3638; x_wconf 76' lang='lat' dir='ltr'><strong>Sacerdos</strong></span> 
     </span>
     <span class='ocr_line' id='line_1_37' title="bbox 96 3658 1023 3737; baseline 0.005 -25"><span class='ocrx_word' id='word_1_251' title='bbox 96 3658 151 3734; x_wconf 82' lang='lat' dir='ltr'><strong>ipsi</strong></span> <span class='ocrx_word' id='word_1_252' title='bbox 163 3658 387 3718; x_wconf 88' lang='lat' dir='ltr'><strong>communionem</strong></span> <span class='ocrx_word' id='word_1_253' title='bbox 402 3658 550 3737; x_wconf 86' lang='lat' dir='ltr'><strong>denegare,</strong></span> <span class='ocrx_word' id='word_1_254' title='bbox 570 3668 603 3719; x_wconf 86' lang='lat' dir='ltr'><strong>ut</strong></span> <span class='ocrx_word' id='word_1_255' title='bbox 623 3667 734 3719; x_wconf 86' lang='lat' dir='ltr'><strong>constat</strong></span> <span class='ocrx_word' id='word_1_256' title='bbox 746 3679 784 3719; x_wconf 86' lang='lat' dir='ltr'><strong>ex</strong></span> <span class='ocrx_word' id='word_1_257' title='bbox 798 3661 927 3719; x_wconf 89' lang='lat' dir='ltr'><strong>unanimi</strong></span> <span class='ocrx_word' id='word_1_258' title='bbox 949 3661 1023 3718; x_wconf 89' lang='lat' dir='ltr'><strong>Doc-</strong></span> 
     </span>
     <span class='ocr_line' id='line_1_38' title="bbox 96 3741 1022 3822; baseline 0.005 -27"><span class='ocrx_word' id='word_1_259' title='bbox 96 3746 187 3798; x_wconf 90' lang='lat' dir='ltr'><strong>torum</strong></span> <span class='ocrx_word' id='word_1_260' title='bbox 202 3741 340 3800; x_wconf 76' lang='lat' dir='ltr'><strong>sententia</strong></span> <span class='ocrx_word' id='word_1_261' title='bbox 351 3747 380 3802; x_wconf 87' lang='lat' dir='ltr'><strong>ct</strong></span> <span class='ocrx_word' id='word_1_262' title='bbox 396 3741 531 3803; x_wconf 77' lang='lat' dir='ltr'><strong>Ecclesia</strong></span> <span class='ocrx_word' id='word_1_263' title='bbox 545 3742 642 3822; x_wconf 84' lang='lat' dir='ltr'><strong>praxi:</strong></span> <span class='ocrx_word' id='word_1_264' title='bbox 665 3742 745 3821; x_wconf 79' lang='lat' dir='ltr'><strong>cujus</strong></span> <span class='ocrx_word' id='word_1_265' title='bbox 764 3743 882 3815; x_wconf 75' lang='lat' dir='ltr'><strong>rationes</strong></span> <span class='ocrx_word' id='word_1_266' title='bbox 895 3742 964 3805; x_wconf 85' lang='lat' dir='ltr'><strong>rarii</strong></span> <span class='ocrx_word' id='word_1_267' title='bbox 978 3760 1022 3800; x_wconf 83' lang='lat' dir='ltr'><strong>ra·</strong></span> 
     </span>
    </p>
   </div>
   <div class='ocr_carea' id='block_1_11' title="bbox 0 0 1070 3990">
    <p class='ocr_par' dir='ltr' id='par_1_12' title="bbox 0 0 1070 3990">
     <span class='ocr_line' id='line_1_39' title="bbox 0 0 1070 3990; baseline 0 0"><span class='ocrx_word' id='word_1_268' title='bbox 0 0 1070 3990; x_wconf 95' lang='lat' dir='ltr'><strong> </strong></span> 
     </span>
    </p>
   </div>
  </div>
 </body>
</html>
