2130 3990
421 190 635 237 aeramnae.
930 178 991 237 211

48 334 254 407 Catholicam,
278 342 309 399 et
334 356 384 419 pro
409 336 512 397 riribru
535 355 567 395 ee
591 334 810 397 allaboraturum
837 356 886 417 pro
910 347 990 399 recte

49 420 237 483 runcatione
262 416 358 499 probe,
376 437 412 477 nc
435 426 573 497 praeterea
597 425 632 475 ut
649 416 813 497 respondere
824 428 936 481 recuset
948 421 986 480 ed

48 500 242 580 ioremgaro,
260 502 286 559 ei
299 519 364 580 qnae
377 498 449 559 liant
460 500 489 559 io
500 500 680 557 conbanem.
949 542 957 553 .

92 578 179 643 Hac
191 584 334 641 sententia
343 580 459 641 Necron
468 587 498 639 et
511 578 671 639 Brannmnn
685 577 758 639 fortir
767 581 856 658 magio
865 582 894 640 in
912 582 985 643 Hol-

48 660 156 723 lnndia
181 662 278 723 locum
304 658 618 740 haber(ubi11oreriot
644 659 839 740 dominantur)
854 665 941 742 quern
954 666 983 723 in

48 744 79 801 in
93 740 302 805 becDioeoeni.
512 744 514 749 ’

91 822 172 883 vll.
188 824 304 885 Certum
317 831 412 883 autern
422 829 475 890 eet,
486 820 599 902 quodie
611 821 756 903 Baptiemo
766 820 977 885 Catholicorum

48 902 207 965 Perccbnr
225 905 329 965 debeat
340 905 433 985 potine
451 902 594 983 baptizare
606 902 765 963 solemniter
775 904 838 965 eine
853 904 978 977 Patrico,

48 986 144 1065 antm
157 1005 224 1047 cnm
237 987 352 1048 Petrina
366 984 526 1047 Heretico:
540 985 607 1063 quia
618 1003 657 1045 ex
672 982 781 1045 duobus
794 986 875 1047 malie
887 988 979 1047 mium

50 1074 98 1125 ert
111 1064 287 1147 ebgendum.

131 1302 134 1307 Ι
156 1228 199 1289 Ν.
212 1226 263 1291 43.
284 1228 345 1289 DE
366 1225 587 1323 nnclsrno
609 1226 876 1289 BAPTlSMALI.

51 1390 78 1451 1.
99 1387 282 1471 Regr'ctrrtnr
312 1389 496 1470 Baptirmale.
540 1389 576 1457 [l.
604 1391 808 1451 noeumane
826 1409 977 1451 maerean-

90 1472 163 1533 den
176 1481 205 1533 ct
215 1472 411 1533 scribendum.
452 1471 508 1531 111.
533 1470 645 1532 Mortua
662 1470 839 1532 rbecribeadi
851 1469 978 1551 illegiti-

89 1572 182 1615 Μαι.
223 1552 563 1634 Ιίψωᾳαοραίνηη.
605 1552 646 1613 V.
661 1553 707 1613 De
717 1556 911 1632 emeterio.

93 1715 118 1774 Ι.
149 1717 172 1751 “
184 1716 346 1787 Qurnrnnr
371 1713 515 1777 Parccbue
542 1714 648 1795 (inquit
675 1713 812 1793 Synndue
839 1715 928 1777 Pron.
943 1716 975 1777 2.

54 1794 198 1872 Manno,
223 1799 270 1858 tit.
292 1796 324 1856 3.
338 1816 403 1876 cap.
416 1794 461 1874 2.)
483 1795 587 1855 librum
601 1796 715 1871 babent,
734 1799 765 1857 in
778 1815 835 1876 quo
848 1798 972 1875 cingulo·

54 1896 112 1939 rnrn
126 1876 354 1957 Bapfizetorum,
375 1896 429 1939 nec
454 1896 511 1937 noo
537 1877 691 1937 Parentum
703 1888 733 1938 et
746 1878 924 1939 Patrinorum
938 1898 974 1937 ac

54 1956 244 2021 beomorum
265 1962 379 2021 nomina
389 1968 420 2018 ct
431 1961 608 2037 cognomina,
622 1957 754 2040 diemque
762 1958 900 2038 Baptierai
909 1960 973 2021 dili·

52 2045 147 2121 genter
160 2037 331 2101 deacribntl'
365 2041 454 2101 Simul
469 2058 532 2098 cum
543 2042 725 2099 annotatione
736 2041 919 2118 legitimitatia
934 2042 972 2120 (ei

51 2118 135 2199 paler
147 2119 296 2201 baptizata
305 2123 341 2183 sit
351 2121 488 2201 lemtima)
499 2123 568 2180 item
577 2123 654 2193 enni,
665 2124 796 2183 meneiset
809 2119 867 2181 diei
880 2121 970 2182 admi-

52 2202 154 2263 nirtrati
164 2201 312 2283 Baptinrni.

84 2280 175 2343 Hanc
198 2287 315 2364 merom
333 2283 530 2362 obllgetionem
549 2282 639 2362 plures
652 2302 707 2341 non
722 2283 858 2345 immerito
872 2285 971 2345 voluat

52 2382 104 2425 roc
121 2362 177 2425 onb
201 2368 280 2444 gravi
303 2374 427 2446 peccato,
449 2364 486 2424 ob
505 2383 599 2441 graves
612 2361 801 2437 difficultates,
822 2385 885 2446 qua
896 2366 970 2433 aliis

51 2453 119 2505 nte
129 2450 199 2505 nunt
209 2448 305 2526 eequi3
328 2446 370 2506 11.
386 2445 488 2505 deinde
500 2445 586 2506 debat
596 2466 651 2504 non
666 2443 750 2504 modb
762 2447 970 2509 accuratissime

55 2529 181 2586 nenati
205 2528 235 2587 in
263 2527 461 2608 capsulabenb
486 2526 614 2586 obserata
642 2526 688 2604 (ut
701 2535 795 2586 monet
808 2528 969 2608 Archiepie-

138 2606 318 2669 Humbertua
330 2610 360 2668 in
374 2628 427 2667 sua
441 2607 568 2687 Epistola
577 2607 715 2667 Peetcrali
727 2606 764 2665 de
776 2628 852 2669 anno
865 2608 969 2688 1700),-

114 2690 203 2749 etiam
217 2690 424 2750 accuratissime
439 2688 589 2756 conscribi,
610 2688 645 2746 de
659 2707 714 2768 quo
738 2692 917 2768 conqueritur
938 2693 968 2748 in

53 2768 145 2830 edem
160 2768 290 2849 Epistola
303 2771 348 2831 bie
368 2769 471 2829 uerbis:
488 2774 507 2802 “
522 2769 626 2829 Graves
636 2778 782 2828 occurrunt
790 2770 881 2829 indies
894 2772 970 2829 circa

52 2847 117 2910 tuoe
143 2854 292 2911 materiam
321 2851 445 2911 defectus
457 2871 490 2909 ac
504 2850 624 2929 querela
639 2850 675 2916 de
689 2853 795 2908 incuria
809 2851 966 2918 Paetorum,

51 2932 89 3005 qui
104 2931 320 3011 Baptizatorum
347 2952 499 3010 eorumque
514 2932 666 2989 Parentum
682 2933 796 2989 nomina
808 2932 884 2991 dicto
897 2931 968 2991 libro

50 3020 90 3071 rut
101 3013 181 3072 mele
196 3013 361 3088 inscribunt,
378 3023 427 3072 ent
440 3015 589 3071 inscribere
602 3014 715 3070 omnino
729 3012 969 3091 praetermittunt.''

80 3093 224 3155 caveatur
236 3094 283 3153 bic
291 3097 377 3154 etiem
390 3095 475 3174 qubm
484 3092 611 3152 maxime
619 3093 709 3152 omnis
718 3094 862 3154 verborum
871 3094 967 3156 abbre-

48 3174 137 3235 uano.

79 3255 236 3327 Quomodo
248 3263 344 3314 autem
358 3254 533 3334 exprimendi
553 3256 608 3315 sint
622 3255 740 3327 Potrici,
771 3256 837 3316 dum
859 3277 970 3338 suscep-

48 3337 80 3395 lic
105 3336 142 3396 fir
168 3356 221 3417 per
249 3339 471 3404 Procuratorem,
492 3338 558 3396 item
581 3338 647 3395 dum
669 3339 781 3397 tantirm
805 3338 971 3418 supplentur

48 3416 235 3555 gemmante,
258 3418 302 3478 vel
318 3419 480 3498 Baptismus
494 3418 545 3477 eub
560 3419 719 3478 conditione
733 3420 887 3486 reiteratur,
909 3419 971 3480 uide

76 3516 137 3558 nm.
151 3498 203 3559 41.

78 3579 159 3651 Quid
172 3582 195 3639 si
209 3582 299 3660 proles
313 3580 457 3661 baptizata
471 3581 507 3640 eit
520 3579 688 3658 illegitima?

80 3660 145 3721 111.
172 3661 210 3721 R.
229 3663 262 3722 Si
283 3670 363 3742 pater
375 3666 460 3743 aequb
474 3682 507 3720 ac
527 3670 616 3720 mater
633 3672 823 3740 cognoscatur,
843 3671 877 3724 ab
896 3665 972 3745 quud

48 3740 149 3822 prolem
170 3750 205 3807 ut
226 3763 307 3806 suam
322 3751 463 3823 moneat,
483 3744 593 3881 pgngur
606 3744 637 3803 in
650 3743 731 3817 libro,
755 3747 829 3822 qubd
850 3747 912 3808 telin
936 3750 974 3806 sit
