2130 3990
234 228 276 272 aa
291 226 500 273 monsacutus
513 228 545 271 m
562 228 701 271 annana.
884 210 943 273 loa

40 374 200 444 articularis,
214 394 263 435 seu
273 374 404 454 explicita
413 383 442 433 st
450 394 581 453 expressa
591 371 712 433 faciendi
721 372 942 450 Sacramentum,

40 456 62 517 al
75 452 202 515 laelandi
216 452 291 534 qu'od
311 455 383 515 iacit
396 455 520 514 Ecclesia
533 453 688 514 Romana?

58 536 84 596 l.
100 536 139 597 R
155 537 314 613 Negativie:
334 536 382 595 sed
405 534 508 595 sufficit
526 538 643 594 intentio
656 534 793 613 generalis
805 535 943 615 implicita

40 616 187 691 tconiusa,
200 614 375 677 sufficienter·
384 616 571 677 determinans
585 634 702 695 eaquae
718 618 839 677 extends
853 636 940 696 agun-

40 718 75 771 ur,
95 698 134 756 ad
148 718 209 756 esse
221 698 433 757 sacramentale.

59 776 100 838 11.
124 778 206 839 Elec
226 781 259 837 S.
284 778 434 837 Themin
464 777 492 836 4.
520 776 627 836 dist.6'.
649 788 748 858 quast.
779 781 805 836 l.
832 785 882 839 ari.
909 774 939 837 32

40 860 225 933 uastinnculsi
236 858 309 919 aad
326 859 351 917 l.
366 858 454 917 dicit:
470 863 489 893 ‘⁶
501 860 634 928 Quamuis
648 859 705 929 ille,
720 862 768 938 qui
778 879 832 918 non
843 859 940 932 credit,

40 942 198 1019 taptismum
210 960 271 999 esse
280 940 501 1013 Sacramentum,
522 949 572 998 aut
582 939 685 999 habere
693 940 816 1021 aliquam
831 943 939 1019 spiritu·

40 1019 93 1079 lom
115 1024 257 1092 virtutem,
277 1040 333 1080 non
355 1021 485 1095 intendit,
506 1018 573 1078 dum
595 1019 729 1099 baptizat,
752 1020 874 1081 conferre
888 1024 939 1082 Sei

40 1110 210 1173 ramentum
234 1112 327 1161 tamen
341 1101 459 1161 intendit
482 1101 576 1160 lacae
589 1102 763 1182 quandoque,
784 1101 860 1183 quod
872 1102 941 1162 facit

40 1182 163 1256 eclesia,
189 1185 241 1243 etsi
251 1182 317 1242 illud
331 1192 441 1262 reputet
453 1182 522 1242 nihil
536 1202 597 1241 esso
609 1202 615 1239 :
629 1191 658 1242 et
670 1187 737 1260 quia
751 1181 878 1242 Ecclesia
889 1185 938 1241 ali·

40 1260 88 1323 uid
108 1262 188 1332 facit,
209 1263 272 1323 ideo
297 1284 335 1322 ex
363 1266 538 1342 consequenti
559 1271 588 1322 et
607 1263 743 1343 implicite
758 1263 879 1325 intendit
889 1264 939 1323 ali-

40 1336 86 1403 uld
100 1342 195 1404 facero
209 1348 334 1422 quamvls
347 1365 402 1404 non
418 1343 580 1423 explicite.''

58 1422 118 1483 llI.
132 1424 270 1485 Similiter
282 1446 336 1485 non
349 1427 506 1504 requiritur,
522 1436 555 1484 ut
568 1425 699 1484 Minister
707 1425 842 1504 explicite
851 1427 938 1486 inten-

39 1514 70 1565 at
94 1504 188 1564 facere
215 1506 290 1584 quod
315 1505 384 1565 lacit
412 1504 540 1563 Ecclesia
564 1506 695 1565 Romana
702 1528 709 1578 ;
731 1504 895 1566 sedsufficit
908 1520 940 1567 nt

42 1585 183 1667 mpliciter
195 1599 223 1646 et
235 1590 384 1666 generatim
399 1586 464 1645 velit
475 1585 566 1644 lacere
584 1586 659 1666 quod
675 1588 802 1646 Christus
814 1589 938 1661 instituit,

40 1666 64 1727 ul
78 1662 155 1745 quod
168 1668 238 1727 lacit
250 1688 316 1726 vera
330 1668 465 1737 Ecclesia,
480 1668 747 1746 quacumqucillius
760 1670 940 1728 sitsententia

40 1766 56 1805 s
73 1748 223 1809 Ecclesia:
242 1756 274 1808 ut
296 1749 415 1806 declarat
438 1750 529 1823 praxis
554 1748 690 1808 Ecclesia
704 1757 797 1808 ratum
811 1748 938 1809 habentis

40 1830 165 1909 laptisma
179 1830 390 1888 Hareticorum.
433 1827 505 1885 Cum
520 1832 592 1887 enim
607 1850 671 1887 vera
691 1829 820 1888 Ecclesia
831 1832 867 1888 sit
879 1829 939 1889 sola

40 1908 159 1980 toman'a,
181 1920 211 1968 ct
225 1910 286 1969 haec
299 1910 385 1968 faciat
397 1911 454 1967 veri
464 1912 585 1969 nominis
599 1910 821 1977 Sacramentum,
841 1911 883 1968 sic
896 1914 937 1968 iu-

40 1992 146 2049 ratione
170 1991 220 2049 itta
232 1991 350 2068 generali
365 1993 525 2048 continetur
537 1992 655 2050 intentio
669 1990 807 2072 implicita
818 1989 937 2051 faciendi

40 2070 93 2131 uod
106 2070 177 2130 facit
193 2073 324 2131 Ecclesia
339 2072 476 2131 Romana

58 2151 115 2212 Sed
147 2152 224 2232 quid,
249 2156 273 2211 si
296 2152 414 2211 haberet
448 2150 518 2210 duas
539 2153 707 2210 intentiones
744 2159 936 2231 repugnantes,

40 2250 82 2311 .g.
99 2233 263 2292 Haereticns
290 2233 413 2309 baptizat
436 2232 582 2291 intendens
605 2233 697 2291 lacera
719 2232 794 2310 quod
810 2233 937 2293 Christus

40 2316 147 2384 ratituit,
171 2324 221 2374 aut
235 2313 308 2394 qnod
327 2314 396 2372 facit
423 2333 473 2371 sua
489 2313 626 2387 Ecclesia,
647 2313 767 2373 sednon
783 2312 856 2393 quod
868 2313 937 2375 iacit

40 2394 147 2454 loclesia
162 2394 315 2454 Romana?

57 2474 112 2535 IV.
131 2477 170 2535 R.
184 2477 263 2535 Talis
274 2474 412 2534 moraliter
424 2472 565 2554 loquendo
574 2472 667 2533 valide
677 2472 847 2554 baptizabit:
862 2477 936 2554 quia,

40 2576 71 2616 on
93 2556 224 2616 obstante
245 2557 293 2615 tlte
319 2556 493 2615 voluntatum
519 2557 710 2615 contrarietate
730 2574 766 2613 ex
781 2558 938 2635 ignorantia

40 2646 64 2695 ut
84 2658 180 2696 errore
202 2640 346 2717 concepta,
366 2636 485 2695 habetur
507 2637 624 2694 intentio
650 2635 776 2694 absoluta
802 2639 936 2714 generalis

40 2719 147 2791 ciendi,
163 2719 236 2797 quod
251 2719 379 2776 Christus
393 2719 519 2783 instituit,
534 2714 577 2772 vel
592 2716 666 2795 quod
680 2718 748 2775 facit
759 2736 822 2776 vera
838 2719 934 2776 Eccle-

40 2820 63 2869 a,
86 2800 200 2878 qualem
221 2809 303 2878 putat
325 2818 386 2856 esse
411 2818 498 2857 suam.
541 2795 628 2854 Aliud
656 2806 748 2856 tamen
762 2798 839 2872 foret,
859 2800 883 2856 si
896 2800 935 2859 ita

40 2881 190 2959 stringeret
213 2883 403 2953 intentionem,
432 2890 462 2938 ut
486 2877 613 2936 absolute
638 2879 726 2936 nollet
748 2878 840 2937 iacere
859 2883 936 2958 quod

40 2962 146 3020 ‘temtus
157 2964 282 3035 instituit,
296 2965 318 3019 si
330 2960 402 3021 idem
415 2978 527 3039 quoque
536 2957 640 3015 luceret
649 2958 779 3018 Ecclesia
790 2959 933 3031 Romann;

40 3042 61 3099 d
76 3044 140 3101 talis
157 3045 285 3101 restrictio
299 3052 341 3099 est
355 3040 581 3099 extraordinaria.

54 3125 99 3181 Aa
128 3124 165 3181 ad
189 3122 386 3201 perfectionem
411 3122 583 3180 Sacramenti
603 3121 748 3198 requiritur
760 3121 789 3181 iu
805 3121 936 3182 Ministro

40 3206 129 3261 rteutio
144 3202 243 3261 recta?

54 3284 92 3344 V.
112 3285 149 3343 R.
164 3284 255 3343 ltlodd
264 3283 607 3342 habeaturrectaintentio
617 3292 740 3362 respectu
751 3283 934 3350 Sacramenti,

40 3384 69 3423 re
81 3367 205 3424 intentio
219 3365 316 3424 saltem
331 3364 467 3442 implicita
491 3362 612 3421 faciendi
626 3364 849 3429 Sacramentum,
870 3365 937 3422 vali-

40 3466 78 3505 rm
93 3450 149 3504 erit
163 3454 383 3513 Sacramentum,
400 3444 468 3504 licet
480 3445 592 3504 ulterior
605 3446 719 3503 intentio
729 3453 806 3503 recta
820 3464 874 3504 nou
884 3447 936 3503 eit:

40 3527 84 3586 rde
98 3526 185 3586 docet
199 3528 230 3586 S.
246 3526 351 3585 Thom.
364 3526 418 3583 nso
429 3534 526 3603 quaest.
538 3525 586 3582 64.
601 3532 649 3583 art.
664 3526 710 3584 10.
724 3527 754 3584 in
769 3525 854 3604 Coepi.
871 3528 889 3557 “
903 3526 935 3583 Si

40 3607 150 3669 mardos
179 3607 310 3670 intendat
337 3605 460 3687 aliquam
487 3605 621 3666 feminam
646 3605 798 3687 baptizare,
820 3617 850 3667 ut
870 3607 938 3665 abu·
