2130 3990
238 201 280 245 ns
300 196 570 245 oosrrssrmross.
805 170 881 245 248·Δ

48 345 189 488 :poposuit
210 345 246 405 ab
260 346 391 407 omnibus
403 347 489 406 etiam
502 364 612 407 summo
624 334 716 404 studio
728 355 866 427 expeten-

48 510 216 588 Praeceptum
225 520 318 571 autem
330 508 556 569 Ecclesiastioum
567 506 869 587 probeturautboritote

48 592 139 650 iorum
151 598 181 649 et
192 599 349 650 sanctorum
365 592 487 661 Petrum,
523 593 550 648 ui
560 590 661 669 passim
672 591 869 649 necessitatem

48 672 171 730 naboris
192 691 231 730 ex
254 690 305 730 usu
319 679 348 730 et
361 611 564 731 consuetudine
580 668 713 728 Ecclesia
726 690 869 730 commen-

47 759 77 812 et
100 755 140 811 sic
165 752 197 812 S.
211 751 323 812 Carolus
340 755 511 812 Borromaeus
532 753 560 810 in
575 759 673 831 quarte
685 771 738 809 sua
751 751 869 830 Synodo

53 841 85 893 ut
97 835 129 908 is,
149 834 198 914 qui
220 831 404 894 determinato
425 841 550 912 tempore
563 853 619 891 non
632 835 748 910 suscipit
761 831 869 892 Confir-

50 933 105 985 em,
128 914 277 974 Canonicis
290 914 455 994 subjiciatur
466 914 625 996 disciplinis.

48 995 103 1055 .·1.
129 995 242 1055 Nullibi
260 992 395 1076 scriptum
414 996 613 1053 aut-‘traditum
632 995 762 1070 degimus,
791 993 867 1074 qood

47 1096 70 1136 rs
79 1076 365 1157 dederitprseocptum
375 1074 412 1134 de
424 1077 607 1136 sacramento
622 1072 867 1135 confirmationis:

48 1178 89 1217 cc.

48 1239 122 1318 tiego
139 1236 266 1298 anteced.
286 1258 354 1296 nam
373 1239 509 1318 imprimis
529 1239 610 1296 sicuti
630 1257 673 1296 res
694 1236 870 1296 Sacramenti

48 1319 87 1378 ris
95 1321 347 1399 promissaspectat
354 1319 392 1379 ad
402 1339 508 1390 omnes,
520 1322 561 1378 ita
570 1338 626 1377 non
637 1321 733 1396 inepte
743 1316 870 1376 omnibus

48 1407 107 1472 tur,
138 1399 211 1479 quod
242 1399 372 1460 Christus
401 1403 531 1480 pracepit
558 1400 701 1479 Apostolis
721 1409 869 1478 expectere

48 1481 241 1560 nomSpiritbs
254 1482 363 1555 Sancti,
384 1482 470 1541 Lucos
482 1503 544 1563 cap.
559 1486 607 1541 24.
631 1501 656 1540 v.
669 1481 720 1541 49.
730 1488 759 1538 et
773 1483 869 1540 Actor.

48 1583 93 1623 .v.
108 1563 137 1621 d.

48 1642 105 1713 ide,
120 1649 153 1702 ut
164 1643 206 1702 ait
217 1644 249 1703 S.
265 1641 459 1722 Hieronymus
470 1645 498 1702 in
511 1644 631 1722 Dialogo
641 1650 741 1703 contre
754 1641 868 1702 Lucife-

48 1744 52 1781 :
75 1730 94 1758 ‘⁸
104 1724 153 1783 An
160 1725 282 1795 tremitis,
292 1727 378 1783 etiam
391 1725 579 1784 Ecclesierum
590 1724 666 1784 hunc
677 1743 740 1782 esse
749 1742 867 1791 morem,

48 1807 143 1866 tinstis
165 1815 262 1885 postea
284 1825 383 1864 manus
407 1807 597 1883 imponantur,
617 1813 648 1865 et
667 1804 707 1864 its
726 1806 869 1864 invocetur

50 1886 216 1946 sSanctusi
235 1888 334 1964 exigis,
355 1886 404 1944 ubi
416 1888 549 1966 scriptum
561 1887 618 1947 siti
637 1889 667 1946 in
680 1883 762 1944 Actis
776 1885 869 1966 Apos-

48 1988 71 2028 o.
114 1966 155 2027 Et
175 1967 285 2026 etiamsi
307 1967 457 2046 Scripturas
482 1967 635 2028 authoritas
656 1986 713 2027 non
733 1966 870 2040 subesset,

48 2049 115 2150 prbis
127 2050 157 2109 iu
172 2047 246 2108 banc
258 2055 366 2129 partam
380 2068 531 2108 consensus
545 2051 632 2109 instar
644 2048 781 2129 praecepti
795 2047 869 2108 obti-

48 2256 53 2268 .
67 2210 110 2270 11.
126 2209 259 2290 Episcopi
268 2209 448 2269 moribundos
456 2230 512 2270 oon
525 2210 711 2272 confirmant:
731 2228 797 2288 ergo
806 2209 868 2271 uul-

48 2300 89 2370 got
101 2301 271 2371 preceptum
283 2290 368 2370 hujus
382 2292 566 2352 Sacramenti.

48 2373 129 2432 Dist.
150 2391 260 2451 conseq.
292 2373 367 2452 Ergo
387 2372 495 2432 nu-iiom
515 2381 595 2454 urget
613 2379 797 2452 praeceptum,
819 2371 870 2430 ubi

48 2452 89 2512 »db
117 2454 219 2532 suscipi
237 2473 293 2512 non
312 2461 404 2534 potest
424 2453 617 2526 Confirmatio,
650 2451 794 2523 concedo;
820 2452 872 2514 ubi

48 2534 91 2594 vde
111 2536 214 2614 suscipi
234 2543 330 2614 potest,
353 2553 424 2612 nego
444 2555 555 2615 conseq.
577 2537 605 2594 in
627 2555 694 2595 casu
707 2541 801 2594 autem
818 2534 869 2594 ona

48 2614 180 2675 cmmode
193 2617 293 2694 suscipi
307 2635 364 2674 non
377 2623 473 2694 potest,
495 2617 622 2695 adeoque
634 2636 688 2674 oon
703 2615 819 2693 obliget,
837 2623 871 2672 ut

57 2696 88 2755 N
90 2716 146 2754 om.
160 2697 191 2754 8.
206 2702 234 2755 et
246 2699 287 2754 sic
301 2716 326 2753 v.
340 2715 368 2775 g.
384 2699 470 2756 etiem
481 2718 536 2756 non
550 2697 685 2776 obligaret
697 2705 869 2774 preceptum

48 2775 72 2837 ii
86 2776 239 2849 Visticum,
248 2780 271 2835 si
284 2776 319 2835 ad
332 2777 386 2836 hoc
399 2777 515 2837 deberet
527 2778 661 2838 Sacerdos
673 2778 735 2835 sine
749 2775 869 2835 vestibus

58 2866 179 2917 autnon
191 2857 294 2936 jejunis
310 2857 458 2917 celebrare.

51 2936 211 3015 objectione
233 2959 270 2997 ex
289 2937 393 2998 Sancto
408 2939 523 2997 Thoma
536 2939 626 3017 petits
640 2935 702 2997 vide
716 2937 868 2998 Daelman.

48 3019 165 3079 Jbserve
178 3039 215 3078 ex
230 3017 320 3087 dictis,
341 3022 414 3078 serio
435 3019 588 3078 monendos
608 3038 667 3077 essa
679 3028 808 3097 parentes
818 3039 868 3097 pro

48 3109 139 3159 utores
153 3109 182 3160 et
196 3106 335 3159 curatores
349 3120 400 3180 pro
414 3100 571 3174 clientibus,
585 3099 870 3182 patres-familiaspro

48 3183 110 3249 icis,
132 3181 276 3241 Parocbus
289 3201 340 3261 pro
352 3181 539 3262 parochianis,
555 3189 583 3241 et
596 3183 749 3262 generatim
763 3200 868 3252 omnes,

63 3262 179 3322 aliorum
202 3282 268 3320 cura
289 3263 443 3334 incumbit;
465 3274 498 3321 ut
517 3262 625 3322 scilicet
636 3261 690 3322 illis
703 3261 757 3321 hoc
770 3260 868 3322 Sacra·
886 3278 900 3306 ⁹

48 3364 71 3402 m
85 3343 276 3402 administrari
290 3345 457 3424 tempestive
471 3344 643 3423 provideant.

52 3424 179 3483 Observa
192 3427 287 3497 etiam,
307 3428 449 3483 neminem
461 3427 601 3503 suscipere
613 3443 693 3503 posse
707 3424 868 3484 Tonsorem

48 3505 119 3574 ilem,
135 3507 205 3580 (etsi
218 3505 390 3564 fortiorinec
402 3509 532 3577 minores,
540 3525 592 3563 nec
602 3504 720 3583 majores
730 3504 866 3583 Ordines)

48 3586 79 3646 irs
94 3586 273 3646 confirmatus
286 3606 340 3645 non
355 3588 398 3657 sit,
405 3587 494 3666 juxta
504 3586 655 3645 consitium
669 3585 868 3646 Tridentinnni

48 3667 73 3727 Β.
95 3671 131 3728 de
155 3665 375 3746 Reformots'ooe
387 3687 449 3749 cap.
465 3666 493 3726 4.
506 3669 556 3748 qui
569 3672 648 3726 secus
660 3665 774 3742 iaceret,
796 3674 869 3726 esset
960 3712 965 3735 ,
