2130 3990
275 115 743 166 nsmcsmsnsssmecnnsn.
927 103 980 165 111

54 268 184 323 noetrsm
206 261 330 329 salntem¹
348 265 488 342 spectem,
506 268 551 325 est
570 262 790 325 instrumentum
804 263 988 343 conjunctum

10 388 14 409 2
58 344 213 405 Divinitsti
224 345 254 404 in
268 342 393 409 Peteona
407 340 514 403 Verbi:
533 342 660 423 adeoque
671 346 701 405 in
714 363 816 424 genere
831 365 921 407 cause
934 349 986 406 mi·

10 414 15 481 l
58 424 208 487 mantis
245 423 380 489 camdem
401 421 487 487 habet
512 425 754 507 principalitatem,
785 446 847 506 qne
872 436 987 490 vocatur

60 502 205 567 Potestas
217 443 422 571 decollentioe.

96 585 134 645 Ia
167 586 251 651 nibus
264 588 389 647 comistit
398 583 449 651 illa
460 590 582 665 potestas
594 586 769 665 excellentiae
784 587 910 649 Christi?

97 664 141 727 Π.
225 686 292 729 oum
306 667 340 727 S.
354 664 462 730 Thom.
476 671 527 731 att·
541 664 570 724 3.
584 668 614 727 in
630 668 716 749 Cnrp.
731 669 907 746 potissimsim
917 693 985 733 con·

60 748 158 806 sistere
181 749 210 808 in
228 747 274 808 his
287 757 427 829 quatuor:
450 748 487 807 Ρ·
510 745 545 806 In
558 767 602 819 eo,
625 749 701 829 qaod
725 752 811 809 virtus
835 759 865 811 et
887 757 987 814 merita

10 894 12 917 ÷
61 829 203 893 Panionio
223 828 287 909 ejas
308 834 455 910 opensntae
474 829 504 889 ia
526 828 715 892 sacramentis
728 830 766 891 ad
787 850 884 893 eorum
903 834 986 895 effec-

10 990 12 995 ’
96 988 145 1055 2‘2
155 989 243 1055 Ocni
256 989 383 1055 cnaeus
395 990 538 1055 instituere
551 993 674 1070 potuerit
687 998 716 1053 ct
728 994 876 1055 instituerit
888 993 987 1055 Sacra-

61 1080 165 1141 nmen,
185 1072 294 1152 eligens
306 1091 357 1152 pro
367 1091 421 1131 sue
433 1069 574 1137 volentate
588 1073 650 1135 hac
665 1082 715 1133 ant
727 1074 777 1134 illa
789 1076 878 1153 signa,
898 1075 989 1136 deter-

63 1150 197 1221 minando
224 1173 323 1219 eorum
348 1154 495 1219 mandem
522 1161 552 1215 et
579 1152 710 1228 formam,
731 1155 830 1236 quibus
850 1158 988 1217 annexuit

63 1234 178 1307 clinem
188 1233 334 1313 speciales.

97 1320 140 1377 θ’·
151 1314 240 1386 Quod
254 1317 439 1381 &mommo
447 1315 478 1373 in
487 1314 611 1375 Nomine
622 1316 727 1377 Christi
740 1316 984 1390 administrantem

11 1462 15 1469 ,
66 1397 138 1465 etita
150 1415 259 1470 omnes,
277 1399 328 1476 qui
340 1397 524 1459 Sacramenta
536 1399 686 1459 conficiunt
699 1406 728 1457 et
740 1397 942 1472 administrant,
956 1398 987 1459 id

67 1490 195 1558 anquam
209 1476 319 1543 Vicani
337 1477 454 1551 Christi,
473 1486 503 1537 et
526 1476 652 1537 Nomine
663 1478 724 1558 ejus
736 1487 870 1559 tanquam
883 1482 986 1559 princi·

69 1561 249 1734 ''delinguendd
271 1639 357 1734 etiam
380 1637 622 1734 sacramentorum
637 1637 750 1701 effeetus
762 1634 823 1699 soie
836 1640 985 1701 voluntatis

73 1741 120 1781 sna
142 1725 262 1799 impeno
282 1739 342 1777 esne
365 1719 552 1779 Sacramentie
576 1722 684 1796 operari
703 1722 835 1799 potuerit:
861 1730 943 1802 prout
956 1728 987 1781 et

74 1804 129 1863 lecit
151 1802 241 1863 inca
261 1819 323 1879 cap.
338 1798 369 1860 5.
382 1820 409 1859 v.
422 1799 472 1859 20.
487 1821 534 1880 pce
547 1801 608 1860 hac
620 1803 718 1860 verbs:
739 1805 759 1836 “
768 1800 876 1870 Homo,
890 1804 984 1863 remit-

76 1892 167 1945 nutur-
183 1880 235 1943 eibi
256 1888 374 1960 peecata
394 1880 479 1941 tua:'’
499 1890 530 1941 et
552 1882 597 1941 his
619 1881 705 1942 Luca
728 1902 789 1962 cap.
811 1881 861 1941 22.
883 1905 910 1944 v.
933 1881 982 1942 19.

79 1964 164 2025 “Hoc
172 1962 294 2025 incitein
308 1981 401 2025 meam
410 1965 704 2023 commemorationem
716 1963 744 2034 ;’'
759 1962 873 2026 effectus
885 1966 989 2025 Secre-

39 2128 56 2149 h
80 2049 152 2107 nenti
164 2043 281 2103 Ordinis
295 2041 372 2101 dedit
386 2036 492 2124 absque
510 2044 703 2105 sacramento.

82 2208 111 2265 ll.
123 2205 178 2266 32·
195 2204 255 2263 DE
274 2201 485 2266 AUTHORE
505 2205 586 2265 SEU
608 2205 905 2267 lNSTlTUTORE
925 2206 987 2266 SA·

350 2284 698 2351 CRAMENTORUM.

247 2448 276 2507 S.
294 2447 389 2506 Thom.
406 2453 505 2528 quest.
519 2445 567 2507 64.
582 2447 668 2509 crt2
681 2447 701 2507 3
716 2453 744 2507 et
757 2453 785 2507 4.

37 2668 41 2675 ,
77 2608 96 2666 l.
113 2609 300 2671 Sacramenta
312 2611 435 2687 entique
447 2613 547 2669 eunte
562 2609 636 2669 Dee.
666 2610 706 2669 ΙΙ.
723 2608 808 2668 Nece
823 2608 918 2687 Legis
933 2610 987 2670 Sa·

10 2685 20 2722 ³
34 2685 45 2720 l
107 2697 253 2751 cremento
265 2688 407 2747 Christus.
440 2688 495 2747 III.
507 2690 566 2748 Per
569 2698 741 2768 potestatem
752 2691 987 2753 authoritatem

106 2773 159 2833 IV.
176 2770 350 2831 Immensae
365 2772 499 2829 instituit.
522 2771 561 2832 V.
576 2772 660 2836 Quod
672 2775 753 2830 varic
761 2771 913 2850 probatur.

22 2985 34 3012 ·.
106 2934 259 3003 QU1SNAM
275 2940 316 2991 est
329 2931 443 2991 Author
456 2932 697 2991 Sacramentorum
711 2932 721 2990 l

19 3003 34 3039 ¹⁴
107 3013 131 3072 1.
152 3014 192 3072 R.
215 3019 251 3072 1⁰·
275 3013 439 3072 Communis
462 3023 502 3071 est
522 3018 667 3087 sententia,
688 3016 783 3073 omnia
806 3014 988 3074 Sacramenta

72 3098 180 3173 antiqua
194 3116 211 3154 a
229 3099 363 3154 Decesse
377 3095 539 3152 immediate
552 3097 696 3167 instituta3
719 3096 755 3154 ab
767 3098 881 3173 Angelis
895 3103 991 3155 autem

10 3238 25 3261 b
72 3186 97 3236 et
108 3178 215 3255 Moyse
229 3178 318 3235 solnm
333 3175 517 3253 promulgata,
538 3179 608 3235 sicut
624 3177 684 3253 ipsa
700 3176 771 3236 Lex,

10 3262 26 3281 “²
105 3258 145 3316 ΙΙ.
168 3259 211 3315 ’.ἔθ’
235 3258 342 3315 Omnia
363 3263 391 3313 et
413 3258 519 3332 singula
532 3278 606 3314 novae
622 3258 703 3333 Legis
717 3257 899 3313 Sacramenta
912 3255 990 3312 insti-

71 3345 127 3397 tute
149 3348 215 3397 sunt
235 3341 253 3396 a
276 3337 386 3395 Christo
401 3337 535 3408 Domine,
558 3339 691 3416 Apostolis
714 3336 822 3400 tradita,
844 3343 872 3392 et
893 3335 990 3393 abhis

17 3425 25 3436 '
72 3419 328 3498 orbipromnlgatn.
372 3416 420 3475 lta
441 3417 585 3476 delinitum
610 3428 651 3474 est
675 3421 701 3475 in
722 3415 849 3474 Concilio
863 3416 991 3474 Trident.

10 3573 15 3583 ι
72 3519 131 3559 sess.
146 3502 175 3560 7.
191 3521 253 3558 can.
271 3505 297 3559 1.
322 3502 341 3530 “
356 3497 390 3556 de
404 3499 529 3556 Sacram.
545 3502 572 3556 in
587 3497 711 3574 gencre‚”
738 3506 766 3554 et
780 3516 846 3554 sees.
870 3496 914 3554 ll.
930 3515 996 3554 can,

10 3566 26 3609 ’⁶-
75 3583 98 3639 l.
112 3588 131 3613 ‘⁴
146 3580 184 3640 de
208 3582 347 3640 Extrema
368 3579 529 3640 Unctione''
550 3579 715 3658 specialiter,
738 3577 774 3637 de
794 3597 851 3657 qua
867 3576 989 3638 maxime

18 3674 24 3693 ¹
74 3669 177 3738 poteret
190 3682 250 3722 esse
261 3660 385 3722 dubium.

521 3759 542 3799 Κ
