2130 3990
364 164 665 211 ucrscsanscssuu.
945 148 990 209 ts

70 332 124 375 uso
136 311 339 385 horariarum,
357 313 443 370 etium
460 310 636 378 occusltornm¹
657 305 707 368 sed
720 311 830 372 tentum
850 313 986 392 inpulsu·

81 399 121 467 is;
141 396 184 453 sio
198 401 227 453 et
236 412 379 472 puerorum
394 393 421 451 iu
440 401 519 451 utero
534 400 656 449 materno
669 391 856 452 existentium.
879 448 883 453 .

97 473 147 534 -V.
165 474 230 533 Nec
246 484 321 546 actus,
340 493 393 532 ucc
405 473 525 551 potastis
544 481 588 531 cst
602 472 697 550 Caput
716 470 921 547 damnatorum,
941 474 983 535 vel

73 559 130 615 nna
139 555 283 634 -ltaptismo
297 555 497 613 decedentium.
818 626 821 631 .

110 635 290 695 Probabilius
311 639 394 693 etiam
418 634 526 702 dicitur,
546 631 622 713 quod
636 631 764 694 Christus
781 650 837 694 non
850 634 886 692 sit
899 641 984 713 caput

16 706 19 713 ’
73 719 224 798 primorum
253 725 407 795 parentum,
444 723 477 774 ut
501 716 532 774 ic
556 723 633 775 statu
665 717 829 776 innocentia
861 717 983 776 existen

70 803 153 857 uam.

107 881 155 938 Au
169 877 232 937 haec
245 878 333 957 gratia
346 876 452 956 Capitis
465 875 640 954 distinguitur
652 878 670 935 a
682 879 771 956 gratia
783 878 904 953 unicos,
923 883 982 939 stt

71 963 160 1037 gratia
171 957 307 1039 pomonuli
321 957 447 1016 Christi?
926 1034 929 1039 Ι
975 1026 978 1033 .

110 1040 168 1098 vl.
193 1039 229 1099 R.
256 1037 446 1099 Affirmatira:
474 1038 539 1116 qnia
566 1036 663 1097 divorsi
684 1044 749 1098 suut
773 1039 884 1120 triplicis
908 1041 982 1125 illius¹

72 1124 165 1200 gratim
179 1119 307 1179 formales
329 1119 459 1190 effectus;
479 1137 544 1176 uam
557 1122 650 1195 gratia
664 1122 772 1178 unionis
788 1125 926 1201 proprium
940 1131 982 1182 ast

72 1211 201 1260 naturam
222 1200 374 1259 humanam
399 1200 614 1259 substantialiter
641 1202 773 1260 Sanctam
797 1206 980 1276 constituam

71 1285 164 1360 gratiss
179 1286 242 1340 varo
261 1281 410 1358 personalis
424 1302 486 1340 eam
509 1281 571 1341 Deo
594 1292 738 1360 acceptam
753 1280 866 1342 reddere
880 1291 909 1343 at
921 1283 981 1343 ido·

72 1382 154 1421 neam
166 1361 386 1440 cooperationes
394 1361 616 1441 supernaturales
630 1362 712 1422 modo
723 1364 896 1423 connaturali
906 1364 981 1426 alici-

70 1443 170 1512 endec
194 1445 287 1520 gratia
300 1454 393 1502 antem
414 1446 511 1522 capitis
525 1446 661 1522 proprium
675 1452 719 1502 est
728 1443 775 1522 jus
788 1453 815 1503 ct
828 1444 980 1504 authorite·

73 1533 128 1582 tem
142 1523 268 1582 conferre
289 1523 399 1602 rogandi
424 1524 557 1583 Ecclesiae
571 1523 703 1596 membre,
719 1533 748 1590 ot
765 1526 793 1583 iu
808 1544 901 1607 caper
914 1545 982 1585 aux·

68 1604 120 1664 ilia
131 1604 271 1665 interioris
284 1607 378 1683 gratia
392 1602 534 1664 inlluoudi.

231 1764 272 1823 N.
293 1764 341 1826 2⁰.
363 1764 421 1825 ΒΕ
443 1764 621 1826 MERlTIS
642 1765 822 1827 CHRISTI.

174 1912 178 1919 ⁸
285 1927 321 1985 S.
338 1927 435 1987 Tltom.
450 1932 544 2009 quest.
563 1929 610 1996 l9,
631 1928 670 1985 48
684 1938 713 1991 ct
725 1933 776 1990 49.

73 2091 97 2148 l.
115 2087 429 2149 Christusss'llinrcrnr't
439 2090 570 2150 enalrart.
613 2090 652 2149 ΙΙ.
668 2089 759 2151 Nolis
773 2097 983 2155 merm'tomm'c

107 2169 265 2228 salutaria.
308 2169 365 2228 Ill.
388 2170 498 2230 Merito
526 2171 640 2230 Clrrz'sts‘
656 2166 724 2230 sun't
739 2175 845 2233 soloris
864 2175 980 2252 infiniti.

111 2249 165 2309 lV.
182 2249 349 2328 Redemptio
360 2258 453 2311 lnrrren
467 2251 631 2331 specialiter
644 2252 742 2312 Morti
754 2255 981 2316 Christc'cdscrs'-

109 2330 195 2389 bitur.
239 2330 277 2389 V.
296 2333 431 2391 Christus
442 2341 473 2389 nl
484 2335 575 2392 victor
584 2338 697 2392 nonar.
738 2335 790 2409 VL
805 2336 848 2394 Ab
860 2342 984 2397 instanti

108 2414 314 2486 conceptionis.
354 2413 425 2471 Vll.
445 2414 542 2493 Usque
555 2415 595 2472 cd
606 2418 720 2473 instans
734 2415 851 2476 Mortis.
892 2416 980 2478 Vlll'.

110 2492 158 2550 Dc
173 2491 272 2550 Morte
288 2493 465 2574 Chrssls'pro
479 2495 610 2557 crnns'bns
624 2496 793 2555 homim'bus.

66 2653 70 2659 ’
109 2655 198 2724 Qum
214 2653 339 2714 chrislus
351 2657 403 2716 sibi
417 2661 535 2717 meruit?

108 2733 133 2790 1.
152 2736 189 2793 R.
207 2737 333 2794 Gloriam
346 2742 461 2816 corporis
475 2741 527 2812 sni,
548 2741 703 2798 ctnominis
715 2741 758 2799 sui
773 2741 981 2814 exaltationem,

65 2816 149 2891 juxta
164 2815 233 2874 illud
247 2816 284 2874 ud
300 2819 417 2898 Plnlipp.
440 2841 504 2899 cap.
522 2822 551 2882 2.
570 2841 594 2878 v.
615 2821 643 2878 8.
663 2829 691 2881 et
711 2821 738 2878 9.
780 2826 798 2854 “
814 2824 981 2881 Humiliavit

68 2900 263 2974 semetipsum.
276 2911 481 2978 propterquod
495 2911 524 2960 et
540 2903 613 2959 Deus
624 2902 849 2975 exaltavitillum,
864 2913 892 2962 et
906 2903 982 2963 dedit

68 2975 108 3033 illi
121 2996 237 3049 nomen,
258 2980 330 3057 quod
346 2990 389 3038 cst
401 3002 485 3059 super
497 3003 577 3040 omno
592 2983 719 3041 nomen.'’

110 3057 179 3117 Nou
189 3067 281 3116 tamen
295 3061 347 3119 sibi
367 3066 464 3120 meruit
477 3065 605 3120 unionem
620 3064 842 3142 hypostaticam,
856 3085 908 3124 uec
919 3086 980 3144 gra-

67 3140 137 3196 tiam
154 3138 335 3205 habitualem,
364 3163 414 3200 noc
428 3147 574 3202 scientiam
592 3154 640 3202 out
658 3144 726 3203 ulios
747 3147 854 3204 habitus
869 3145 979 3216 infusos,

62 3239 122 3276 occ
133 3216 249 3295 gloriam
259 3223 431 3280 essentialem
444 3228 541 3283 animia
551 3246 557 3292 ;
569 3224 632 3282 ideo
641 3227 754 3292 scilicet,
770 3227 845 3304 quod
856 3229 980 3286 rueritum

69 3301 176 3357 nonsit
190 3303 241 3358 uisi
264 3301 332 3377 ejus,
352 3305 425 3381 quod
441 3305 561 3363 nondum
578 3305 707 3364 habetur:
729 3312 802 3365 unde
816 3310 839 3365 si
853 3307 981 3368 Christus

68 3379 119 3438 illa
147 3383 297 3453 meruisset,
327 3395 493 3462 sequeretur,
513 3386 588 3465 quod
610 3387 759 3466 aliquando
781 3388 814 3446 iis
841 3392 982 3463 caruisset,

65 3459 147 3537 quod
161 3460 263 3520 falsum
276 3472 328 3522 est.

104 3542 249 3610 Quanam
264 3542 387 3603 Christus
401 3547 479 3605 uobis
493 3551 610 3609 maruitl.
859 3616 862 3622 ,

109 3621 153 3679 11.
177 3623 216 3681 R.
232 3623 338 3684 Omnia
350 3647 411 3704 quse
424 3631 573 3707 accipimus
585 3632 727 3705 salutarie,
740 3634 858 3711 primam
868 3634 982 3710 gretiam

66 3709 98 3761 st
112 3722 214 3764 omues
226 3705 422 3786 subsequentes
439 3715 550 3790 gratias,
567 3715 770 3792 paenitentiam,
793 3715 984 3774 remissionum
1008 3798 1010 3803 Ι
