2130 3990
360 169 401 212 nc
421 168 637 219 nucaarussrs.
901 149 962 211 047

59 313 124 374 111.
142 314 226 374 Licet
239 321 335 374 eutem
361 315 453 374 dietus
465 321 642 392 transgressor
664 313 795 393 precepti
807 309 963 371 Ecclesias-

49 395 69 452 ri
86 416 127 456 ex
143 396 277 455 mandato
292 395 436 456 Ordinarii
449 400 539 455 vivens
552 394 688 455 arcendus
699 395 772 456 toret
784 393 823 453 ab
835 395 962 471 ingressu

49 477 180 551 eclesia,
207 480 325 536 moriens
352 487 446 537 tamen
471 498 528 537 nen
541 485 586 535 ost
599 475 749 556 privandus
765 475 963 535 Ecclesiastico

50 558 172 637 pulturi
196 560 248 618 nisi
263 560 442 636 transgressio
462 562 499 616 sit
512 559 681 629 notorio,.,·et
694 559 723 623 in
738 555 794 615 fine
807 557 871 615 vite
885 552 965 615 nullo

49 637 138 697 ederit
150 641 230 718 signa
244 638 357 712 doloris,
376 647 408 697 ut
423 647 530 699 constat
557 659 594 696 ex
613 637 720 697 Rituali
738 638 880 696 Romano.
924 635 965 699 Iit

49 739 141 796 super
164 730 196 778 ut
222 721 321 780 Pastor
333 724 372 779 sic
387 723 550 801 quempiam
573 721 690 798 privaret
701 719 845 798 sepulturi
859 715 960 777 Eccle-

49 803 153 872 mdes,
175 800 260 860 debet
279 821 389 880 semper
402 801 507 860 habere
533 800 685 879 specialem
698 801 736 859 ab
751 798 902 859 Ordinatio
916 795 963 856 rel

49 898 88 941 us
103 879 231 943 Offioieli
245 884 478 942 commissionem.

67 1065 111 1124 N.
128 1062 177 1122 64.
201 1065 259 1124 Du
282 1063 590 1128 COMMUNIONE
609 1061 852 1123 sscolnuoa
874 1061 922 1123 IN

374 1145 610 1206 Priscianus.

68 1327 133 1386 Per
150 1328 388 1388 Communionem
402 1325 584 1405 sacrilegam
604 1326 644 1384 Il.
661 1325 729 1387 Non
743 1323 851 1402 eothfit
864 1325 965 1384 divino

48 1429 83 1468 ec
96 1408 313 1470 Ecclesiastico
329 1418 486 1489 precepto,

68 1593 122 1650 Au
136 1591 235 1651 satisfit
247 1600 384 1670 praeopto
411 1590 625 1652 communionis
655 1588 802 1650 Pmehalis
816 1608 865 1669 per
877 1587 963 1648 Com-

48 1675 191 1732 runicnem
204 1673 366 1751 sacrilegem
379 1672 391 1730 t

69 1754 95 1812 1.
114 1753 153 1813 R.
169 1752 273 1832 Neque
288 1755 393 1813 Divino
405 1773 500 1830 noque
515 1752 730 1813 Ecclesiastico:
751 1752 872 1833 primum
886 1759 966 1831 patet

48 1855 66 1892 x
80 1855 126 1904 eo,
147 1833 222 1912 quod
234 1833 363 1895 Christus
374 1834 462 1912 juste
475 1835 557 1894 Trid.
571 1854 639 1894 sess.
657 1834 702 1931 lp.
719 1853 780 1914 cap.
796 1833 824 1892 2.
848 1839 867 1868 ‘⁴
881 1834 964 1894 Sumi

48 1916 118 1974 cluit
144 1916 359 1975 Sacramentum
373 1916 438 1988 hoc,
458 1926 594 1998 tanquam
620 1916 794 1995 spiritualem
807 1917 965 1974 animarum

48 1996 137 2072 ibum,
158 2016 213 2076 quo
225 1995 335 2057 alantur
346 2006 375 2056 et
388 1997 579 2057 contestentur
601 2000 724 2057 urentes
738 1996 795 2056 viti
813 1997 896 2070 illius,
916 1997 965 2072 qui

49 2079 127 2137 ixit:
153 2078 215 2146 Qui
227 2080 388 2139 manducat
401 2098 455 2147 me,
471 2086 499 2139 et
511 2083 575 2157 ipse
588 2082 665 2138 nicet
676 2087 796 2157 propter
806 2076 882 2141 Μ’
911 2075 964 2135 At-

48 2160 79 2217 ui
89 2159 227 2238 sacrilege
238 2162 447 2219 communicans
458 2181 512 2220 non
523 2164 563 2219 ita
572 2163 674 2228 sumit;
688 2160 739 2220 sed
748 2160 766 2219 e
774 2157 967 2237 coutrajuxto

48 2240 219 2320 tpostolum:
239 2240 392 2300 Judicium
420 2241 476 2300 sibi
502 2243 679 2301 manducat:
707 2260 773 2318 ergo
786 2260 843 2299 non
857 2237 964 2299 ssdsfit

72 2319 117 2380 Π.
134 2322 274 2380 Posterius
288 2332 363 2400 patet
388 2343 424 2381 ex
439 2343 483 2391 eo,
504 2322 580 2401 qudd
600 2321 773 2401 Praeceptum
789 2319 965 2381 Ecclesiasti-

48 2422 102 2461 nm
113 2404 152 2461 sit
166 2403 276 2461 tantum
299 2405 396 2463 Disiui
410 2405 647 2463 determinativum
662 2402 755 2482 quood
769 2403 899 2481 temporis
912 2401 965 2460 oir-

48 2485 253 2543 umstantiam:
275 2504 339 2562 ergo
355 2486 485 2543 Ecclesia
510 2483 630 2543 eandem
645 2486 769 2565 praecipit
782 2482 964 2543 Communic-

48 2585 111 2631 em,
126 2583 209 2643 quam
224 2563 362 2638 Christus,
374 2573 405 2625 ut
417 2567 504 2624 etiam
519 2575 597 2646 patet
609 2586 648 2624 ex
663 2586 727 2644 cap.
756 2564 864 2624 onais
878 2578 966 2623 urar-

47 2660 152 2717 iscus,
173 2645 222 2704 ubi
235 2644 357 2712 dicitur:
380 2648 546 2724 suscipiens
560 2656 732 2705 reverenter.

75 2726 192 2787 Deinde
214 2728 346 2805 probatur
363 2731 449 2786 etiam
464 2748 501 2785 ex
516 2728 570 2786 lrac
583 2729 770 2806 propositione
785 2726 917 2786 damnata
929 2725 966 2783 ab

48 2812 204 2867 nnocentio
238 2807 295 2866 XI.
324 2809 469 2886 Precepto
499 2809 716 2868 Commuoiooie
742 2827 842 2865 crenus
860 2806 968 2876 satisfit

47 2909 89 2946 rer
100 2887 281 2966 sacrilegum
297 2888 422 2949 Domim'
434 2893 699 2950 manducationem.
734 2888 819 2950 Unde
829 2887 890 2948 haee
904 2907 967 2947 seu-

47 2967 194 3047 enliajom
207 2971 321 3029 omniuo
333 2984 410 3030 certa
423 2984 472 3028 ast.

76 3049 181 3122 Quoad
204 3050 370 3110 solutionem
392 3052 580 3130 objectionum
595 3052 657 3111 uide
672 3052 769 3111 Tract.
783 3054 817 3111 ele
832 3049 968 3129 Legibus,

47 3131 85 3189 rbi
100 3134 244 3209 quaeritur,
266 3152 302 3190 on
318 3134 419 3191 sancus
434 3140 463 3190 et
484 3134 553 3199 finis
562 3135 696 3212 precepti
708 3134 816 3192 coderet
827 3132 878 3191 snb
887 3151 966 3210 prae·

47 3219 131 3292 epto,
154 3216 223 3272 item
236 3235 275 3272 ou
290 3213 426 3272 Ecclesia
435 3216 530 3292 possit
536 3219 692 3294 precipere
703 3221 788 3273 octus
802 3218 941 3274 turonos.

80 3294 130 3354 Ex
145 3291 226 3353 dictis
239 3295 425 3369 concluditur,
445 3297 520 3372 qudd
534 3296 716 3356 moribundus
729 3316 842 3355 sumens
855 3295 969 3372 indigni

47 3374 186 3434 Viaticum
215 3396 270 3434 non
298 3382 406 3434 tantum
422 3385 524 3455 peccet
543 3389 661 3455 peccato
674 3378 819 3455 sacrilegii,
840 3380 971 3457 utquivio

50 3455 156 3532 ndignie
181 3459 398 3526 communicans,
421 3457 469 3515 sed
484 3465 512 3516 ct
526 3467 619 3517 contra
644 3460 818 3535 Praeceptum
834 3459 968 3518 Divinum

47 3556 109 3595 runc
137 3537 380 3598 communicandi:
401 3538 475 3597 unde
504 3548 598 3599 manet
625 3538 762 3617 obligatus
783 3538 876 3600 eidem
890 3542 971 3599 satis·
