2130 3990
388 118 429 160 nu
443 116 617 161 mommolo
633 117 740 161 ursam.
968 104 1029 165 366

29 280 36 285 “
74 265 145 327 bus
154 266 324 327 Iudaeorum
338 273 367 325 et
382 264 535 349 Gentilium
550 262 715 334 Sacrificiis3
731 263 840 323 undein
849 265 936 325 veteri
947 265 1027 344 Lege

79 349 239 408 Sacrificio
251 356 395 405 nouerant
407 346 534 424 primitiae
546 353 594 403 aut
607 345 709 403 similes
723 344 885 404 oblationes.

131 431 187 490 IX.
205 430 244 490 In
253 433 496 507 protestationem
504 429 630 504 supremi
637 428 700 484 Dei
706 428 735 482 in
745 446 793 485 res
801 446 899 486 omnes
909 435 1027 487 creatos

81 513 226 571 domimi.
239 515 291 586 dfe.
305 509 349 567 hic
363 509 436 567 enim
447 507 642 585 estprimarius
652 493 879 578 finis‘ssacrificii3
900 510 1024 585 quando-

82 591 204 669 quidem
227 589 399 649 Sacrificium
426 590 463 647 sit
481 588 585 646 Latriae
614 589 714 660 cultus,
745 609 800 666 quo
827 598 1024 666 protestamur,

84 670 189 733 Deum
202 675 220 730 ri
232 671 312 729 nobis
323 671 418 729 haberi
431 678 462 728 ut
475 689 633 746 supremum
647 669 712 726 vitas
728 678 756 726 et
768 671 844 728 necis
860 671 1022 743 Dominum,

73 754 137 829 qui
150 754 222 813 sicut
232 772 328 811 creare
339 751 431 810 omnia
441 753 540 828 potuit,
561 751 600 808 sic
614 759 643 808 et
655 750 748 808 omnia
757 752 903 810 destruere
912 762 1019 828 potest,

71 836 165 895 unde
183 844 213 893 et
226 833 347 892 infimam
369 853 449 891 suam
472 831 672 910 subjectionem
684 840 853 909 protestatur
870 834 972 890 horno:
993 846 1023 891 et

81 914 152 975 ideo
180 916 204 973 si
230 915 284 973 alio
311 912 367 973 fine
392 913 494 972 oblatio
520 912 609 984 fieret,
637 912 704 970 licet
738 928 803 970 cum
832 911 1021 990 peremptione

82 1005 137 1055 anit
155 996 212 1055 alia
238 995 438 1068 immutatione,
467 1015 524 1052 non
545 994 617 1051 foret
637 992 823 1051 Sacrificium:
844 996 907 1052 hinc
931 997 949 1051 si
976 1016 1020 1053 ra-

82 1077 165 1137 tione
184 1076 317 1135 Sacrificii
330 1076 410 1135 facile
425 1075 610 1134 excluduntur
632 1073 787 1151 purificatio
801 1084 831 1134 et
845 1076 1022 1135 candelarum

83 1157 212 1217 incensio
235 1178 298 1235 quaa
317 1156 490 1230 adhibentur,
517 1177 573 1213 non
594 1157 630 1213 ad
652 1157 869 1233 recognitionem
897 1159 1020 1234 supremi

85 1238 143 1325 Ilei
170 1239 294 1312 dominii,
315 1239 365 1297 sed
386 1239 422 1296 ad
436 1238 593 1316 aagendam
613 1237 824 1310 solemnitatem,
844 1238 881 1296 ad
894 1239 1020 1296 excitan-

83 1321 151 1379 dum
166 1320 249 1379 fidem
262 1331 291 1379 et
301 1320 488 1378 devotionum:
511 1318 574 1376 vide
585 1317 622 1375 N.
638 1317 687 1380 68.
703 1319 739 1376 de
753 1316 926 1396 Rela'gione.

10 1462 12 1469 ,
122 1402 166 1465 Χ.
181 1403 265 1475 Cum,
285 1410 317 1459 ut
329 1401 433 1459 dictum
448 1410 501 1474 est,
522 1397 692 1456 Sacrificium
714 1399 844 1476 importet
857 1419 1017 1478 supremum

82 1484 174 1542 intrim
205 1484 318 1555 cultum,
339 1490 415 1560 patet
435 1483 486 1540 soli
514 1481 580 1538 Deo
603 1499 665 1538 esse
680 1479 866 1538 offerendum:
888 1483 962 1540 uude
984 1482 1015 1540 S.

82 1564 159 1645 Aug.
185 1564 232 1622 lib.
250 1568 296 1622 10.
311 1567 347 1622 de
368 1567 489 1622 civitate
506 1562 567 1620 Dei
579 1583 602 1618 c,
619 1560 647 1619 4.
683 1567 702 1595 “
717 1561 791 1629 Quis
806 1561 1016 1620 sacrificandum

81 1646 200 1718 censuit,
220 1645 273 1702 uisi
296 1646 322 1703 ei
344 1664 427 1721 quem
449 1645 542 1702 Deum
569 1650 618 1700 aut
640 1642 730 1715 scivit,
765 1652 813 1700 aut
830 1645 947 1719 putavit,
968 1653 1017 1701 ant

10 1720 26 1739 ⁵
78 1725 205 1785 linxiti''

12 1804 23 1817 “
119 1807 176 1867 XI.
201 1806 415 1865 Observandum
429 1805 503 1863 circa
515 1805 658 1880 praedicta,
672 1805 745 1881 quod
758 1805 786 1861 in
794 1804 937 1863 Sacrificio
955 1813 1013 1864 tres

13 1944 25 1967 ὁ
76 1888 134 1946 illae
150 1889 284 1960 actiones,
311 1888 423 1960 oblatio,
444 1886 615 1944 consecratio
627 1896 656 1942 et
668 1886 822 1944 immutatio
836 1887 890 1944 sint
903 1886 1015 1964 quidem

76 1971 189 2029 ratione
215 1970 335 2041 diversa,
357 1971 409 2027 sed
429 1988 485 2025 non
504 1968 611 2044 reipsa:
644 1987 707 2024 cum
734 1968 815 2025 unica
839 1968 946 2026 actione
967 1988 1013 2025 res

10 2106 14 2111 .
72 2052 169 2127 possit
187 2051 289 2122 offerri,
310 2049 466 2110 consecrari
485 2058 513 2106 et
533 2048 687 2119 immutari:
709 2050 749 2105 sic
770 2050 836 2106 dum
861 2051 888 2106 in
913 2048 1013 2108 Veteri

10 2132 14 2139 ’
71 2127 159 2211 Lege
177 2133 278 2189 animal
302 2132 476 2189 inhonorem
492 2129 546 2186 Dei
566 2129 768 2201 immolabatur,
789 2138 849 2189 erat
861 2131 964 2188 oblatio
983 2132 1012 2186 in

72 2222 143 2271 actu
156 2214 253 2271 saltem
268 2213 392 2271 exercito
407 2213 483 2293 (quae
504 2211 604 2267 sufficit
623 2211 658 2267 ad
681 2209 865 2290 Sacrificium)
880 2212 947 2269 licet
958 2210 1010 2268 Sa-

73 2295 177 2353 cerdos
191 2314 253 2353 eam
280 2314 335 2350 non
359 2295 544 2370 exprimerem
567 2292 705 2368 quatenus
718 2312 819 2370 nempe
833 2294 1010 2351 occidebatur

73 2377 112 2433 ad
126 2375 383 2454 recognoscendum
406 2393 565 2450 supremum
583 2372 636 2429 Dei
657 2373 819 2446 dominium,
840 2383 868 2432 et
890 2374 930 2432 ita
944 2374 1008 2432 Deo

74 2454 264 2514 offerebatur:
286 2467 345 2513 erat
359 2475 468 2533 quoqne
492 2452 674 2524 consecratio,
695 2454 856 2530 inquantum
869 2475 920 2532 per
932 2456 1007 2513 illam

22 2546 27 2553 '
73 2537 244 2595 occisionem
264 2537 456 2594 destinabatur
477 2536 513 2593 ad
527 2536 630 2592 cultum
645 2534 717 2593 Dei:
738 2546 799 2593 erat
811 2537 893 2594 etiam
905 2538 1005 2594 immu-

74 2619 155 2690 tatio,
176 2619 231 2676 imo
245 2618 404 2688 destructio,
427 2625 457 2674 ut
474 2637 525 2694 per
538 2636 569 2673 se
582 2624 675 2693 patet:
698 2617 821 2674 similiter
833 2619 863 2674 in
876 2629 940 2675 actu
954 2639 1005 2674 ex·

74 2700 162 2758 accito
183 2712 245 2758 erat
268 2698 419 2776 recognitio
444 2698 565 2775 supremi
591 2698 647 2754 Dei
659 2697 782 2769 dominii,
800 2698 866 2756 licet
889 2700 935 2756 illa
949 2719 1004 2756 non

73 2780 155 2841 fieret
168 2781 310 2858 expressis
322 2780 424 2838 verbis.

113 2861 217 2930 Qualis
244 2872 332 2933 actus,
353 2870 381 2919 et
408 2858 486 2939 cujus
510 2860 618 2917 virtutis
644 2869 688 2917 est
709 2858 877 2918 Sacrificium
891 2862 1001 2937 proprie

69 2942 199 3001 dotum?
707 2980 710 2986 -

75 3074 79 3081 .
112 3023 184 3084 XII.
210 3023 264 3081 Est
277 3023 362 3080 solius
376 3023 484 3080 virtutis
507 3021 661 3099 Religionis
675 3034 754 3080 actus
777 3024 884 3080 elicitus
898 3032 927 3079 et
951 3044 1002 3079 ex-

70 3114 177 3177 iemus,
198 3114 294 3181 estque
307 3125 377 3181 opus
402 3104 556 3180 Religionis
578 3104 847 3179 praestantissimum,
866 3113 898 3160 ut
920 3103 1000 3162 facile

69 3195 160 3262 patet,
179 3186 204 3242 si
218 3206 280 3243 cum
291 3186 351 3243 aliis
364 3183 489 3263 ejusdem
501 3185 609 3241 virtutis
623 3184 728 3242 actibus
742 3191 924 3261 comparetur.

113 3264 219 3325 Utrdm
233 3267 334 3324 oblatio
348 3265 481 3323 Sacrificii
495 3265 531 3322 sit
543 3266 578 3322 de
587 3264 652 3343 jure
661 3265 792 3323 naturae?

109 3344 201 3406 xlll.
224 3346 263 3405 R.
279 3347 417 3405 Dnolman
430 3357 459 3404 et
473 3347 564 3404 Callet
573 3348 676 3418 dicunt,
691 3346 862 3404 Sacrificium
873 3368 1002 3405 nonense
1014 3402 1016 3407 Α

68 3429 168 3487 stricta
183 3426 248 3506 jure
272 3428 389 3485 naturali
402 3436 572 3505 praeceptum
582 3450 588 3497 ;
612 3430 677 3486 crim
700 3449 755 3484 non
768 3429 858 3485 desint
877 3429 1000 3487 medina
1047 3500 1049 3507 Ι

67 3507 212 3567 Sacrificio
235 3509 374 3582 distincta,
394 3509 493 3586 quibus
514 3509 635 3566 exterior
650 3509 713 3567 Deo
727 3511 816 3566 cultus
839 3511 956 3569 honeste
971 3518 1000 3568 et

67 3589 240 3651 sufficienter
251 3590 375 3650 exhiberi
389 3591 488 3663 valeat,
509 3590 597 3666 qnniis
616 3591 762 3663 centlum,
783 3591 870 3648 oratio
885 3591 998 3661 vocalis,

491 3671 510 3728 2
525 3687 544 3725 o
557 3672 577 3725 :5
