2130 3990
99 152 159 213 346
450 168 626 213 rasennam

96 316 181 394 possit
196 311 331 374 adhibere
345 313 548 383 Confessarius,
563 317 649 395 quam
665 316 688 373 si
702 334 759 374 uon
776 321 855 373 esset
872 312 991 386 Pascha,
1002 335 1030 389 ne

101 415 125 451 r.
140 415 166 474 g.
181 398 322 475 poenitens
335 397 416 454 nimis
424 396 609 470 contristetur,
623 395 665 454 vel
679 400 765 454 etiam
780 396 820 454 ab
835 395 898 454 aliis
911 405 1029 469 notetur;

97 479 163 550 sire,
183 485 215 536 ut
230 481 269 537 ait
285 477 427 543 Paomis,
450 477 544 558 aliqud
570 481 676 535 minore
690 475 789 535 morali
805 475 979 535 certitudine
990 477 1031 539 de·

98 558 164 616 beat
177 567 244 616 tunc
257 578 315 618 esse
335 564 481 617 contentus
496 559 698 627 contenarius,
718 560 806 637 quam
820 567 898 617 esset
912 558 1029 617 extraii

99 639 146 697 lod
162 647 219 697 tem
241 658 282 697 us.

140 720 180 778 11.
201 659 244 775 23·
267 718 362 778 Etiam
379 739 416 778 ex
431 720 492 778 eiiis
507 723 598 778 causis
612 719 783 779 Communia
815 717 966 778 Paschalis
985 719 1031 781 tite

96 799 163 860 ferri
177 809 283 883 potest;
300 800 354 860 hoo
367 808 462 858 antem
477 800 689 878 dijudicandum
701 804 776 860 venit
787 799 923 880 prudenti
932 799 1027 878 judica

101 883 234 953 Pastoris,
248 902 304 941 oon
318 880 431 939 alterius
442 882 611 941 Confessarii
626 891 710 940 extra
721 901 822 941 casum
833 879 1026 954 confessiorem

97 983 189 1023 causa·
202 970 296 1022 autem
310 963 365 1022 illae
379 966 462 1021 variae
476 981 538 1021 esse
550 973 667 1042 possunt
680 983 728 1042 pro
748 964 831 1022 variis
857 958 1026 1023 circumstat·

96 1046 152 1116 tiis,
162 1064 200 1102 ex
215 1044 318 1124 quibus
333 1042 466 1122 quasdam
481 1044 585 1122 aliegat
598 1043 727 1102 Pauwels
741 1054 811 1103 tom.
825 1041 856 1100 2.
870 1063 899 1100 c.
917 1043 963 1102 17.
973 1048 1027 1116 §.tr
1059 1082 1061 1099 .

98 1127 177 1184 etsie
192 1145 217 1183 v.
232 1144 259 1204 g.
274 1126 347 1205 quaid
365 1124 465 1183 mulier
488 1136 552 1204 post
574 1127 748 1204 puerperium
775 1123 907 1184 noudum
935 1131 1028 1185 venerit

96 1206 132 1264 ad
150 1206 317 1274 Ecclesiam,
340 1203 393 1264 dre.
415 1205 458 1263 vel
483 1208 507 1264 si
534 1205 636 1285 aliquis
660 1209 698 1264 sit
720 1212 817 1285 parum
847 1225 934 1284 ager,
954 1210 1027 1264 sicot

98 1287 171 1346 brevi
195 1296 322 1366 tempore
336 1294 400 1365 post
415 1286 525 1345 Pascha
539 1291 624 1363 possit
640 1289 731 1345 venire
746 1287 782 1346 ad
810 1286 990 1358 Ecclesiam
1008 1290 1027 1346 si

95 1369 170 1425 e‘uim
197 1375 247 1425 aut
273 1370 391 1445 graviter
416 1364 577 1442 infirmetur,
612 1378 663 1426 aut
689 1367 872 1448 praevideatur
900 1388 958 1426 non
984 1371 1028 1427 nisi

95 1459 156 1527 post
169 1449 284 1527 longum
298 1457 409 1528 tempus
422 1458 551 1507 venturus
564 1448 601 1508 ad
617 1449 784 1518 Ecclesiam,
809 1450 985 1508 Communio
996 1451 1025 1509 ad

96 1533 190 1608 ipsum
204 1538 279 1589 esset
291 1527 454 1588 deferenda.

136 1713 177 1770 N.
199 1710 248 1770 63.
273 1711 330 1770 DE
347 1711 481 1771 POENA
504 1711 600 1770 NON
620 1710 992 1774 COMMUNICANTrs

387 1792 434 1850 IN
456 1792 692 1869 Pnscnarn.

94 1873 118 1930 I.
142 1874 237 1931 Poenn
252 1893 309 1932 non
336 1878 461 1932 tenentis
485 1873 614 1944 Pascha,
637 1875 679 1934 11.
727 1873 784 1933 Fet
807 1880 961 1935 sententie
976 1876 1023 1956 se·

134 1956 233 2028 rende,
255 1954 313 2014 111.
355 1957 381 2014 A
400 1955 462 2015 solo
474 1955 623 2034 Fqn'scopo
638 1956 684 2015 vel
701 1955 841 2037 Offlcr'alr'.

133 2119 157 2176 Ι.
173 2119 239 2194 Qui
254 2117 317 2176 siue
326 2118 407 2176 venia
415 2116 478 2196 jam
490 2117 567 2176 dicta
580 2127 629 2175 aut
642 2117 698 2176 alia
706 2119 836 2195 legitima
846 2122 1026 2180 excusatione

93 2199 328 2258 communionem
339 2199 504 2257 Paschaiem
513 2198 810 2279 omiseritjuxtacap.
826 2200 1025 2260 Omnrsurnr-

93 2298 209 2350 usqua,
225 2279 322 2340 incidit
335 2283 363 2339 iu
379 2300 501 2359 poenam,
522 2289 554 2338 ut
575 2281 667 2338 vivens
681 2281 716 2338 ab
739 2282 864 2360 ingressu
896 2282 1023 2342 Ecclesia

91 2371 226 2433 arceatur,
247 2371 276 2419 et
290 2363 411 2420 moriens
425 2360 577 2421 christiana
590 2371 685 2419 careat
698 2362 850 2441 sepultura.

131 2443 206 2502 Hac
220 2462 304 2522 poene
315 2442 400 2522 juxta
413 2439 545 2520 Steyaert
565 2462 621 2501 non
645 2452 689 2500 est
711 2443 812 2501 eadem
831 2464 898 2502 cum
914 2464 1021 2505 execu-

90 2526 289 2594 moaicatione,
310 2523 360 2582 sed
374 2525 455 2604 quasi
474 2529 584 2582 tantum
598 2542 660 2602 pars
674 2522 757 2596 iliius,
771 2534 804 2583 ut
818 2535 902 2604 patet
915 2547 952 2585 ex
968 2525 1021 2586 aliie

91 2605 237 2665 effectibus
251 2606 563 2666 excommunicationis.

132 2686 172 2745 11.
196 2685 263 2744 Non
277 2693 320 2744 est
341 2687 427 2744 etiam
439 2687 587 2746 sentenia
611 2684 685 2755 latae,
706 2685 758 2745 sed
781 2686 924 2763 ferendae;
954 2687 1021 2758 unde

91 2767 192 2828 Pastor
205 2787 262 2826 nen
276 2774 367 2847 potest
381 2787 443 2826 eam
458 2769 568 2848 proprisi
580 2767 750 2830 authoritate
763 2771 926 2829 executioni
947 2790 1019 2831 raan-

89 2848 164 2908 dare.
1059 2848 1061 2855 '

127 2930 212 2991 Unde
225 2930 295 2989 dum
311 2951 392 2990 casus
405 2932 534 3004 occurrit,
549 2928 716 2989 deferendus
731 2937 773 2990 est
786 2930 823 2990 ad
839 2922 1018 2992 Ordinarinu

88 3010 205 3090 veiejus
220 3008 399 3082 Officialem;
421 3032 477 3071 non
504 3020 600 3072 umen
625 3012 740 3082 statim
762 3011 813 3071 sed
839 3013 917 3092 prius
941 3011 1020 3073 debet

89 3091 188 3153 Pastor
200 3092 340 3153 subditum
354 3113 444 3161 suum,
466 3112 549 3170 quem
560 3094 703 3152 novitnon
716 3097 947 3165 communicasse,
973 3114 1019 3174 op·

86 3174 206 3253 partone
221 3183 250 3234 et
262 3173 416 3255 importune
430 3172 571 3234 exhortari
584 3173 621 3233 ad
636 3174 883 3245 communionem,
919 3173 1018 3253 adjun-

86 3255 179 3333 gendo
200 3259 285 3316 etiam
314 3258 400 3313 minas
414 3253 573 3328 delationis,
593 3256 616 3312 si
644 3274 762 3314 nocens
776 3255 828 3314 sit:
850 3254 901 3315 ubi
926 3263 1017 3318 autem

88 3337 186 3398 Pastor
194 3358 232 3397 ex
246 3357 298 3397 sua
307 3333 466 3417 partefecit
477 3339 581 3405 omnia,
597 3354 661 3415 quae
675 3335 768 3396 facere
777 3339 868 3418 potuit
878 3335 1018 3411 etdebuit,

87 3419 138 3476 aed
150 3415 259 3488 frustra,
281 3426 349 3478 tunc
363 3417 475 3478 tandem
497 3418 577 3477 illum
601 3437 683 3477 suum
709 3417 855 3477 subditum
882 3426 1017 3496 tanquan

87 3497 221 3559 Ecclesia
234 3498 441 3558 inobedientem
454 3496 630 3558 denuntiabit
648 3496 799 3560 Ordinatio
812 3498 855 3560 vel
867 3499 928 3642 epus
944 3498 1016 3560 Offi-

84 3578 166 3724 ἓίθαάἰί,ι
182 3599 220 3645 ex
235 3579 318 3660 cujus
331 3578 473 3656 mandato,
493 3586 522 3643 et
535 3599 591 3644 uon
605 3578 693 3656 aliter,
709 3589 808 3642 contra
820 3600 872 3642 suo
894 3592 939 3642 ern
954 3600 1016 3662 pro·

138 3678 154 3720 e
168 3705 174 3721 .
