2130 3990
61 174 106 236 w
430 186 605 236 numanus
653 216 656 221 -

62 336 179 396 instanti
192 334 393 414 conceptionis,
412 354 475 414 qne
498 338 588 414 gretie
606 333 728 394 vocatur'
744 327 990 417 succinctim
1024 352 1027 356 ⁴

67 418 203 498 quentrim
217 422 260 476 eat
271 415 382 475 habitus
404 415 534 476 humane
555 424 662 475 nature
675 413 871 494 superadditus
878 434 890 471 :—
906 413 992 476 unde

68 500 128 559 h'aee
154 499 242 577 gretia
268 495 384 576 physici
398 515 447 554 seu
461 494 640 555 essentialiter
652 493 705 554 fuit
718 497 805 563 finita,
830 495 897 554 olam
910 502 988 555 esset

7 598 9 605 ⁸
67 581 97 637 in
111 581 205 638 anima
218 577 319 637 Christi
332 581 466 656 tanquam
480 579 513 636 in·
522 576 647 655 subjecto
659 585 770 649 creeto;
790 577 861 635 licet
872 575 986 638 moreli-

68 668 110 720 tor
122 666 215 738 posset
224 657 279 717 dici
292 658 402 716 infinita
416 666 526 736 propter
538 657 703 717 infinitatem
717 658 858 736 suppositi.

109 740 184 799 llaec
210 741 312 814 gratia.
335 746 416 818 prout
441 741 561 797 animam
587 737 690 796 Christi
717 738 879 810 sanctificet,
900 738 987 795 etiem

15 811 18 825 ’
71 819 223 900 personalis
237 818 353 890 dicitur3
376 826 459 899 prout
482 825 577 877 eutem
594 821 679 877 estin
695 817 807 877 Christo
820 818 891 877 elios
904 835 988 876 senc-

70 899 197 960 tifioendi
212 901 386 979 principium,
406 907 519 958 vocatur
531 902 619 977 gratia
638 902 795 1038 capitisaeu
809 898 946 976 ospitalis.

114 979 184 1059 Obj.
200 980 298 1040 Gratis
311 979 462 1038 habitualis
475 981 502 1036 in
519 980 631 1038 Christo
644 981 668 1038 ui
689 979 908 1061 etursnperflua,
919 979 988 1039 olm

68 1060 744 1219 lttitillent”Stltttttlh
775 1148 855 1200 sn
870 1140 988 1221 prem

73 1224 184 1282 unionis
208 1225 292 1281 etlam
315 1220 369 1282 fuit
386 1223 549 1291 necessaria,
571 1230 601 1281 et
613 1220 723 1300 quidem
737 1160 774 1281 oh
787 1221 862 1281 duo:
880 1223 989 1283 scilicet

74 1312 108 1362 ut
121 1303 248 1362 Christus
260 1311 334 1361 easat
358 1301 494 1381 complete
514 1310 544 1362 et
562 1302 754 1361 consummate
773 1312 897 1369 sanctus,
916 1311 945 1362 at
958 1310 989 1360 ut

75 1383 289 1444 connaturaliter
312 1382 422 1443 eliceret
441 1390 522 1442 aetus
542 1381 765 1463 supernaturales
777 1392 807 1442 et
819 1385 994 1443 meritorios:

75 1465 158 1524 latinis
171 1464 233 1523 hec
249 1463 372 1523 Billuart.
903 1487 905 1491 ’

116 1545 174 1604 111.
197 1544 380 1605 Probabiliter
407 1543 515 1618 (licitur,
536 1544 610 1625 quod
624 1546 652 1604 in
676 1544 785 1604 Christo
808 1547 893 1606 etiem
907 1544 990 1605 mant

70 1628 164 1706 gnatia
176 1626 291 1686 actualis
304 1646 310 1682 :
330 1645 386 1684 non
400 1627 538 1700 excitans,
557 1626 785 1706 sstco-operans,
803 1647 863 1708 quac
877 1633 919 1686 est
929 1629 990 1707 ipaa

80 1709 137 1766 Dei
150 1708 286 1786 operantia
298 1705 441 1766 nobiscum
457 1709 541 1781 ectio,
559 1727 607 1767 seu
621 1727 780 1772 concursus,

118 1786 274 1909 Qupmorlo
283 1787 408 1847 Christus
422 1787 523 1850 dieitur
534 1787 620 1848 Joan.
634 1807 697 1868 cap.
710 1788 741 1848 l..
752 1808 777 1846 v.
791 1787 837 1846 14.
853 1795 872 1822 ‘¹
888 1776 993 1849 Plenus

126 1867 203 1928 tit.''

77 1889 174 2008 le.
200 1949 242 2007 Rs
252 1949 332 2010 Quin
341 1949 563 2008 tantemlsabait
575 1950 700 2025 gratiam,
722 1956 751 2009 et
762 1951 790 2008 ln
805 1956 884 2010 tante
896 1951 991 2011 excel·

77 2029 174 2097 lentie,
196 2039 300 2108 quanta
312 2030 465 2089 secundum
481 2033 632 2107 potentiam
647 2032 702 2088 Dei
722 2026 887 2091 ordinariam
901 2040 993 2111 pateat

79 2130 138 2168 esse
147 2111 176 2169 in
190 2121 325 2183 creatura;
341 2119 371 2170 et
383 2111 448 2169 erim
463 2111 539 2169 illem
553 2113 646 2188 gretiae
656 2111 852 2190 plenitudinem
862 2113 1003 2174 hebuerit.

80 2196 99 2251 a
113 2192 202 2270 primo
215 2194 326 2251 instanti
339 2193 535 2270 conceptionis,
555 2201 700 2272 propterea
718 2191 767 2251 illa
779 2195 868 2272 gretia
881 2214 935 2254 non
949 2203 995 2254 est

77 2282 174 2345 aucte,
188 2292 244 2331 nee
256 2275 350 2352 angeri
364 2275 462 2350 poluit.
738 2270 742 2281 '

119 2352 187 2432 Obj.
198 2354 283 2412 Lucae
299 2374 360 2434 cap.
373 2352 401 2410 2.
418 2352 500 2412 net.
512 2352 613 2413 dieitur
625 2357 645 2387 ‘⁴
656 2353 677 2413 J
679 2373 740 2412 esus
749 2355 909 2429 proficiebat
917 2358 999 2437 sapl-

82 2435 166 2500 entiri,
188 2443 218 2493 et
240 2442 328 2508 etate,
348 2441 378 2492 et
395 2435 486 2510 gretiei
501 2434 581 2514 *apud
595 2433 690 2494 Deum
704 2445 734 2494 et
747 2436 872 2496 homines
883 2436 908 2494 :”
928 2457 996 2517 arga

86 2513 188 2573 Christi
201 2517 289 2594 gretie
301 2515 354 2574 tuit
367 2523 458 2574 aneta.
906 2588 910 2594 Α

125 2593 163 2655 V.
180 2595 218 2654 R.
234 2597 308 2655 Dist
323 2600 431 2674 conseq.
447 2597 616 2674 Ergo'ancta
628 2595 841 2658 ilritsecundlrm
856 2597 994 2669 habitum.

82 2695 156 2754 nego
170 2695 281 2755 conseq.
303 2695 366 2753 argo
379 2685 465 2735 sucta
475 2677 526 2736 luit
537 2680 692 2737 ostensione
702 2680 798 2757 gratiae
809 2689 838 2737 et
850 2681 1004 2758 sapientire

85 2776 134 2836 per
152 2777 235 2836 opere
253 2765 373 2816 externa
394 2757 592 2818 excellentiore
613 2768 642 2818 et
652 2761 730 2836 signe
744 2763 891 2838 pmgrossni
906 2764 1004 2820 rotatis»

84 2841 302 2916 proportionata,
317 2838 401 2916 idque
414 2859 469 2898 non
483 2839 557 2909 fiete,
573 2839 779 2901 sedseunndum
800 2841 995 2901 minoritatem

83 2937 178 2977 coram
203 2920 267 2978 Deo
280 2928 309 2977 et
320 2918 490 2993 hominibus,
510 2919 754 2982 coneedototum:
774 2923 850 2983 sicut
863 2921 938 2982 idem
950 2922 997 2982 sol

86 2998 123 3057 ab
137 3008 195 3058 ortu
206 3002 235 3057 in
242 2999 388 3058 meridiem
402 2998 503 3060 dicitur
515 3002 643 3080 prolicere
656 3001 789 3060 claritate.
844 3064 847 3069 ,

126 3078 181 3140 VI.
204 3080 270 3150 Quo
293 3101 373 3139 sensu
387 3080 485 3140 dieitur
496 3085 579 3141 etiem
607 3081 643 3141 de
657 3082 730 3140 Diua
741 3082 873 3162 Virgine,
908 3085 999 3144 Luca

87 3181 150 3240 eep.
167 3165 192 3224 1.
206 3182 232 3219 u.
246 3161 295 3220 28.
336 3164 354 3194 ‘⁴
370 3161 472 3219 Gratiri
484 3161 625 3241 plena”i''
898 3162 901 3167 ’

125 3243 160 3299 R.
189 3243 383 3312 Quietantem
395 3240 496 3301 hebuit
515 3244 642 3321 gratiam,
662 3253 794 3323 quentam
815 3245 1001 3305 conueniebat

74 3319 191 3387 ,hahere
217 3323 338 3381 Matrem
355 3324 428 3381 Der:
449 3324 544 3402 sieque
571 3324 669 3386 dicitur
682 3329 701 3360 ‘⁴
716 3325 816 3384 Gralih
829 3325 926 3406 plena”
945 3328 997 3405 per

84 3404 320 3480 comparationem
342 3402 378 3464 ad
399 3423 479 3464 suam
501 3404 687 3466 conditionem
705 3414 733 3467 et
745 3410 886 3486 prefixum
898 3403 1005 3467 vriDeo

84 3485 244 3542 terminum.
393 3528 395 3533 -
742 3511 744 3516 ·

125 3562 222 3641 ltaque
235 3563 380 3644 plenitudo
388 3567 484 3645 gratier
497 3566 625 3628 absoluta
637 3577 682 3629 est
690 3565 858 3649 propriesoli
866 3566 994 3640 Christo;

83 3643 181 3703 Sancti
189 3652 284 3705 entem
299 3646 428 3706 dicuntur
438 3650 623 3727 comparative
637 3650 714 3730 pleni
727 3648 827 3729 gratis,
840 3647 994 3707 secundinus

77 3723 158 3802 quod
179 3725 334 3804 catallonis
352 3728 477 3792 diuinitus
491 3730 688 3811 praemissus
701 3731 739 3792 ad
751 3729 880 3790 ultionem
893 3728 938 3790 uel
951 3730 1002 3787 in=

659 3924 746 3966 »Px
