<?xml version="1.0" encoding="UTF-8"?>
<!DOCTYPE html PUBLIC "-//W3C//DTD XHTML 1.0 Transitional//EN"
    "http://www.w3.org/TR/xhtml1/DTD/xhtml1-transitional.dtd">
<html xmlns="http://www.w3.org/1999/xhtml" xml:lang="en" lang="en">
 <head>
  <title>
</title>
<meta http-equiv="Content-Type" content="text/html;charset=utf-8" />
  <meta name='ocr-system' content='tesseract 3.04.00' />
  <meta name='ocr-capabilities' content='ocr_page ocr_carea ocr_par ocr_line ocrx_word'/>
</head>
<body>
  <div class='ocr_page' id='page_1' title='image "./theologiamorali02densgoog_0341.png"; bbox 0 0 2130 3990; ppageno 0'>
   <div class='ocr_carea' id='block_1_1' title="bbox 112 158 659 221">
    <p class='ocr_par' dir='ltr' id='par_1_1' title="bbox 112 158 659 221">
     <span class='ocr_line' id='line_1_1' title="bbox 112 158 659 221; baseline 0 0"><span class='ocrx_word' id='word_1_1' title='bbox 112 158 172 221; x_wconf 74' lang='lat'><strong>³84</strong></span> <span class='ocrx_word' id='word_1_2' title='bbox 481 175 659 221; x_wconf 74' lang='lat' dir='ltr'><strong>nscrsrus</strong></span> 
     </span>
    </p>
   </div>
   <div class='ocr_carea' id='block_1_2' title="bbox 73 318 1065 2991">
    <p class='ocr_par' dir='ltr' id='par_1_2' title="bbox 112 318 1062 484">
     <span class='ocr_line' id='line_1_2' title="bbox 112 318 1026 403; baseline 0.001 -22"><span class='ocrx_word' id='word_1_3' title='bbox 112 323 269 383; x_wconf 86' lang='lat' dir='ltr'><strong>collatum:</strong></span> <span class='ocrx_word' id='word_1_4' title='bbox 288 342 355 402; x_wconf 85' lang='lat' dir='ltr'><strong>ergo</strong></span> <span class='ocrx_word' id='word_1_5' title='bbox 376 321 597 403; x_wconf 73' lang='lat' dir='ltr'><strong>independenter</strong></span> <span class='ocrx_word' id='word_1_6' title='bbox 623 322 660 381; x_wconf 87' lang='lat' dir='ltr'><strong>eb</strong></span> <span class='ocrx_word' id='word_1_7' title='bbox 673 318 735 399; x_wconf 85' lang='lat' dir='ltr'><strong>ejus</strong></span> <span class='ocrx_word' id='word_1_8' title='bbox 761 321 942 400; x_wconf 80' lang='lat' dir='ltr'><strong>susceptione</strong></span> <span class='ocrx_word' id='word_1_9' title='bbox 953 325 1026 398; x_wconf 82' lang='lat' dir='ltr'><strong>potest</strong></span> 
     </span>
     <span class='ocr_line' id='line_1_3' title="bbox 114 404 1062 484; baseline -0.005 -21"><span class='ocrx_word' id='word_1_10' title='bbox 114 407 200 464; x_wconf 90' lang='lat' dir='ltr'><strong>homo</strong></span> <span class='ocrx_word' id='word_1_11' title='bbox 214 404 315 464; x_wconf 87' lang='lat' dir='ltr'><strong>hahere</strong></span> <span class='ocrx_word' id='word_1_12' title='bbox 328 407 423 463; x_wconf 88' lang='lat' dir='ltr'><strong>omnia</strong></span> <span class='ocrx_word' id='word_1_13' title='bbox 432 407 564 484; x_wconf 82' lang='lat' dir='ltr'><strong>requisita</strong></span> <span class='ocrx_word' id='word_1_14' title='bbox 577 404 613 463; x_wconf 90' lang='lat' dir='ltr'><strong>ad</strong></span> <span class='ocrx_word' id='word_1_15' title='bbox 626 404 756 461; x_wconf 89' lang='lat' dir='ltr'><strong>salutern.</strong></span> <span class='ocrx_word' id='word_1_16' title='bbox 1059 468 1062 478; x_wconf 27' lang='grc' dir='ltr'>ι</span> 
     </span>
    </p>

    <p class='ocr_par' dir='ltr' id='par_1_3' title="bbox 114 477 1027 969">
     <span class='ocr_line' id='line_1_4' title="bbox 155 477 1026 564; baseline -0.002 -21"><span class='ocrx_word' id='word_1_17' title='bbox 155 485 227 563; x_wconf 92' lang='lat' dir='ltr'><strong>Obj.</strong></span> <span class='ocrx_word' id='word_1_18' title='bbox 242 484 267 542; x_wconf 94' lang='grc' dir='ltr'><strong>Ι.</strong></span> <span class='ocrx_word' id='word_1_19' title='bbox 280 487 367 544; x_wconf 76' lang='lat' dir='ltr'><strong>doun.</strong></span> <span class='ocrx_word' id='word_1_20' title='bbox 381 504 442 564; x_wconf 85' lang='lat' dir='ltr'><strong>cap.</strong></span> <span class='ocrx_word' id='word_1_21' title='bbox 455 487 476 544; x_wconf 83' lang='lat'><strong>6</strong></span> <span class='ocrx_word' id='word_1_22' title='bbox 488 506 514 544; x_wconf 84' lang='lat' dir='ltr'><strong>v.</strong></span> <span class='ocrx_word' id='word_1_23' title='bbox 538 488 577 545; x_wconf 73' lang='grc'><strong>64</strong></span> <span class='ocrx_word' id='word_1_24' title='bbox 587 486 656 544; x_wconf 90' lang='lat' dir='ltr'><strong>dicit</strong></span> <span class='ocrx_word' id='word_1_25' title='bbox 668 482 816 541; x_wconf 85' lang='lat' dir='ltr'><strong>Christus:</strong></span> <span class='ocrx_word' id='word_1_26' title='bbox 838 477 1026 541; x_wconf 70' lang='lat' dir='ltr'><strong>Nutriant«.</strong></span> 
     </span>
     <span class='ocr_line' id='line_1_5' title="bbox 114 561 1026 642; baseline -0.002 -18"><span class='ocrx_word' id='word_1_27' title='bbox 114 570 252 624; x_wconf 79' lang='lat' dir='ltr'><strong>eecerr&#39;tr‘s</strong></span> <span class='ocrx_word' id='word_1_28' title='bbox 266 567 388 625; x_wconf 81' lang='lat' dir='ltr'><strong>Carnem</strong></span> <span class='ocrx_word' id='word_1_29' title='bbox 401 565 473 626; x_wconf 77' lang='lat' dir='ltr'><strong>Filii</strong></span> <span class='ocrx_word' id='word_1_30' title='bbox 481 568 620 639; x_wconf 76' lang='lat' dir='ltr'><strong>hominis,</strong></span> <span class='ocrx_word' id='word_1_31' title='bbox 640 572 669 624; x_wconf 81' lang='lat' dir='ltr'><strong>el</strong></span> <span class='ocrx_word' id='word_1_32' title='bbox 682 563 814 623; x_wconf 76' lang='lat' dir='ltr'><strong>biberitis</strong></span> <span class='ocrx_word' id='word_1_33' title='bbox 823 563 892 642; x_wconf 64' lang='lat' dir='ltr'><strong>q&#39;ue</strong></span> <span class='ocrx_word' id='word_1_34' title='bbox 906 561 1026 639; x_wconf 74' lang='lat' dir='ltr'><strong>Sangui·</strong></span> 
     </span>
     <span class='ocr_line' id='line_1_6' title="bbox 115 641 1027 722; baseline -0.001 -19"><span class='ocrx_word' id='word_1_35' title='bbox 115 666 192 720; x_wconf 84' lang='lat' dir='ltr'><strong>nem,</strong></span> <span class='ocrx_word' id='word_1_36' title='bbox 206 665 263 706; x_wconf 83' lang='lat' dir='ltr'><strong>non</strong></span> <span class='ocrx_word' id='word_1_37' title='bbox 277 646 417 708; x_wconf 72' lang='lat' dir='ltr'><strong>indebetis</strong></span> <span class='ocrx_word' id='word_1_38' title='bbox 431 649 520 707; x_wconf 81' lang='lat' dir='ltr'><strong>vitam</strong></span> <span class='ocrx_word' id='word_1_39' title='bbox 535 652 566 707; x_wconf 81' lang='lat' dir='ltr'><strong>in</strong></span> <span class='ocrx_word' id='word_1_40' title='bbox 582 647 680 711; x_wconf 80' lang='lat' dir='ltr'><strong>vobr&#39;a‚·</strong></span> <span class='ocrx_word' id='word_1_41' title='bbox 703 664 779 722; x_wconf 81' lang='lat' dir='ltr'><strong>ergo,</strong></span> <span class='ocrx_word' id='word_1_42' title='bbox 802 641 861 702; x_wconf 83' lang='lat' dir='ltr'><strong>dre.</strong></span> <span class='ocrx_word' id='word_1_43' title='bbox 905 644 1027 703; x_wconf 83' lang='lat' dir='ltr'><strong>Probatur</strong></span> 
     </span>
     <span class='ocr_line' id='line_1_7' title="bbox 115 725 1027 808; baseline -0.004 -22"><span class='ocrx_word' id='word_1_44' title='bbox 115 731 330 806; x_wconf 76' lang='lat' dir='ltr'><strong>consequentia:</strong></span> <span class='ocrx_word' id='word_1_45' title='bbox 352 746 389 785; x_wconf 89' lang='lat' dir='ltr'><strong>ex</strong></span> <span class='ocrx_word' id='word_1_46' title='bbox 400 729 478 787; x_wconf 82' lang='lat' dir='ltr'><strong>doen</strong></span> <span class='ocrx_word' id='word_1_47' title='bbox 505 749 568 808; x_wconf 86' lang='lat' dir='ltr'><strong>cap.</strong></span> <span class='ocrx_word' id='word_1_48' title='bbox 583 727 613 785; x_wconf 83' lang='lat'><strong>3.</strong></span> <span class='ocrx_word' id='word_1_49' title='bbox 628 748 654 784; x_wconf 87' lang='lat' dir='ltr'><strong>r.</strong></span> <span class='ocrx_word' id='word_1_50' title='bbox 667 727 696 785; x_wconf 78' lang='lat' dir='ltr'><strong>d.</strong></span> <span class='ocrx_word' id='word_1_51' title='bbox 739 725 819 785; x_wconf 80' lang='lat' dir='ltr'><strong>Nr&#39;sr’</strong></span> <span class='ocrx_word' id='word_1_52' title='bbox 839 728 910 802; x_wconf 78' lang='lat' dir='ltr'><strong>quis</strong></span> <span class='ocrx_word' id='word_1_53' title='bbox 921 732 1027 782; x_wconf 79' lang='lat' dir='ltr'><strong>renatus</strong></span> 
     </span>
     <span class='ocr_line' id='line_1_8' title="bbox 114 802 1026 888; baseline -0.004 -20"><span class='ocrx_word' id='word_1_54' title='bbox 114 809 207 871; x_wconf 73' lang='lat' dir='ltr'><strong>fuerit</strong></span> <span class='ocrx_word' id='word_1_55' title='bbox 220 829 257 867; x_wconf 73' lang='lat' dir='ltr'><strong>ec</strong></span> <span class='ocrx_word' id='word_1_56' title='bbox 271 827 348 888; x_wconf 82' lang='lat' dir='ltr'><strong>aqua</strong></span> <span class='ocrx_word' id='word_1_57' title='bbox 363 814 392 865; x_wconf 81' lang='lat' dir='ltr'><strong>et</strong></span> <span class='ocrx_word' id='word_1_58' title='bbox 421 809 538 887; x_wconf 72' lang='lat' dir='ltr'><strong>Spiritu</strong></span> <span class='ocrx_word' id='word_1_59' title='bbox 551 810 667 874; x_wconf 77' lang='lat' dir='ltr'><strong>Sancto,</strong></span> <span class='ocrx_word' id='word_1_60' title='bbox 690 825 748 866; x_wconf 82' lang='lat' dir='ltr'><strong>non</strong></span> <span class='ocrx_word' id='word_1_61' title='bbox 759 813 871 885; x_wconf 76' lang='lat' dir='ltr'><strong>potest,</strong></span> <span class='ocrx_word' id='word_1_62' title='bbox 893 802 949 863; x_wconf 77' lang='lat' dir='ltr'><strong>&amp;e</strong></span> <span class='ocrx_word' id='word_1_63' title='bbox 963 804 1026 864; x_wconf 92' lang='lat' dir='ltr'><strong>colli·</strong></span> 
     </span>
     <span class='ocr_line' id='line_1_9' title="bbox 114 886 883 969; baseline -0.007 -20"><span class='ocrx_word' id='word_1_64' title='bbox 114 891 187 968; x_wconf 67' lang='lat' dir='ltr'><strong>gitur</strong></span> <span class='ocrx_word' id='word_1_65' title='bbox 200 894 350 949; x_wconf 73' lang='lat' dir='ltr'><strong>necessitas</strong></span> <span class='ocrx_word' id='word_1_66' title='bbox 363 890 536 950; x_wconf 78' lang='lat' dir='ltr'><strong>sacrementi</strong></span> <span class='ocrx_word' id='word_1_67' title='bbox 552 891 704 969; x_wconf 85' lang='lat' dir='ltr'><strong>Baptismi:</strong></span> <span class='ocrx_word' id='word_1_68' title='bbox 724 908 803 967; x_wconf 81' lang='lat' dir='ltr'><strong>ergo,</strong></span> <span class='ocrx_word' id='word_1_69' title='bbox 824 886 883 944; x_wconf 84' lang='lat' dir='ltr'><strong>dre.</strong></span> 
     </span>
    </p>

    <p class='ocr_par' dir='ltr' id='par_1_4' title="bbox 73 967 1065 1696">
     <span class='ocr_line' id='line_1_10' title="bbox 157 967 1064 1051; baseline -0.004 -22"><span class='ocrx_word' id='word_1_70' title='bbox 157 971 193 1029; x_wconf 84' lang='lat' dir='ltr'><strong>R.</strong></span> <span class='ocrx_word' id='word_1_71' title='bbox 220 971 376 1051; x_wconf 79' lang='lat' dir='ltr'><strong>Dispatitcs</strong></span> <span class='ocrx_word' id='word_1_72' title='bbox 389 981 433 1030; x_wconf 90' lang='lat' dir='ltr'><strong>est</strong></span> <span class='ocrx_word' id='word_1_73' title='bbox 444 971 617 1051; x_wconf 84' lang='lat' dir='ltr'><strong>potissimum</strong></span> <span class='ocrx_word' id='word_1_74' title='bbox 640 969 815 1049; x_wconf 83' lang='lat' dir='ltr'><strong>petendaex</strong></span> <span class='ocrx_word' id='word_1_75' title='bbox 829 967 1026 1045; x_wconf 84' lang='lat' dir='ltr'><strong>utriueqnelori</strong></span> <span class='ocrx_word' id='word_1_76' title='bbox 1063 993 1064 996; x_wconf 40' lang='lat'>¹</span> 
     </span>
     <span class='ocr_line' id='line_1_11' title="bbox 113 1048 1065 1131; baseline -0.002 -23"><span class='ocrx_word' id='word_1_77' title='bbox 113 1049 223 1110; x_wconf 85' lang='lat' dir='ltr'><strong>diuersa</strong></span> <span class='ocrx_word' id='word_1_78' title='bbox 232 1054 454 1130; x_wconf 88' lang='lat' dir='ltr'><strong>interpretatione</strong></span> <span class='ocrx_word' id='word_1_79' title='bbox 467 1071 518 1131; x_wconf 90' lang='lat' dir='ltr'><strong>per</strong></span> <span class='ocrx_word' id='word_1_80' title='bbox 530 1052 687 1110; x_wconf 81' lang='lat' dir='ltr'><strong>Ecclesiam</strong></span> <span class='ocrx_word' id='word_1_81' title='bbox 702 1060 732 1108; x_wconf 91' lang='lat' dir='ltr'><strong>et</strong></span> <span class='ocrx_word' id='word_1_82' title='bbox 741 1052 866 1108; x_wconf 85' lang='lat' dir='ltr'><strong>Sanctus</strong></span> <span class='ocrx_word' id='word_1_83' title='bbox 881 1048 987 1118; x_wconf 85' lang='lat' dir='ltr'><strong>Patres,</strong></span> <span class='ocrx_word' id='word_1_84' title='bbox 1003 1067 1026 1106; x_wconf 80' lang='lat' dir='ltr'><strong>er</strong></span> <span class='ocrx_word' id='word_1_85' title='bbox 1064 1069 1065 1072; x_wconf 44' lang='lat'>¹</span> 
     </span>
     <span class='ocr_line' id='line_1_12' title="bbox 114 1131 1028 1209; baseline -0.003 -20"><span class='ocrx_word' id='word_1_86' title='bbox 114 1150 152 1189; x_wconf 83' lang='lat' dir='ltr'><strong>ex</strong></span> <span class='ocrx_word' id='word_1_87' title='bbox 166 1140 267 1192; x_wconf 84' lang='lat' dir='ltr'><strong>nature</strong></span> <span class='ocrx_word' id='word_1_88' title='bbox 278 1134 420 1208; x_wconf 82' lang='lat' dir='ltr'><strong>utriusque</strong></span> <span class='ocrx_word' id='word_1_89' title='bbox 433 1134 621 1193; x_wconf 77' lang='lat' dir='ltr'><strong>sacramenti:</strong></span> <span class='ocrx_word' id='word_1_90' title='bbox 634 1135 736 1191; x_wconf 80' lang='lat' dir='ltr'><strong>etenim</strong></span> <span class='ocrx_word' id='word_1_91' title='bbox 754 1131 922 1209; x_wconf 75' lang='lat' dir='ltr'><strong>Baptismus</strong></span> <span class='ocrx_word' id='word_1_92' title='bbox 936 1131 1028 1187; x_wconf 84' lang='lat' dir='ltr'><strong>institu-</strong></span> 
     </span>
     <span class='ocr_line' id='line_1_13' title="bbox 113 1209 1026 1291; baseline -0.003 -21"><span class='ocrx_word' id='word_1_93' title='bbox 113 1219 157 1271; x_wconf 90' lang='lat' dir='ltr'><strong>tus</strong></span> <span class='ocrx_word' id='word_1_94' title='bbox 175 1220 216 1273; x_wconf 87' lang='lat' dir='ltr'><strong>est</strong></span> <span class='ocrx_word' id='word_1_95' title='bbox 230 1224 259 1272; x_wconf 91' lang='lat' dir='ltr'><strong>ut</strong></span> <span class='ocrx_word' id='word_1_96' title='bbox 270 1217 446 1273; x_wconf 85' lang='lat' dir='ltr'><strong>renascentia</strong></span> <span class='ocrx_word' id='word_1_97' title='bbox 456 1214 615 1290; x_wconf 86' lang='lat' dir='ltr'><strong>spiritualis,</strong></span> <span class='ocrx_word' id='word_1_98' title='bbox 637 1231 701 1291; x_wconf 86' lang='lat' dir='ltr'><strong>quea</strong></span> <span class='ocrx_word' id='word_1_99' title='bbox 715 1211 753 1270; x_wconf 86' lang='lat' dir='ltr'><strong>ad</strong></span> <span class='ocrx_word' id='word_1_100' title='bbox 765 1209 945 1290; x_wconf 85' lang='lat' dir='ltr'><strong>spiritualem</strong></span> <span class='ocrx_word' id='word_1_101' title='bbox 958 1211 1026 1268; x_wconf 78' lang='lat' dir='ltr'><strong>riter</strong></span> 
     </span>
     <span class='ocr_line' id='line_1_14' title="bbox 113 1292 1064 1353; baseline -0.001 -3"><span class='ocrx_word' id='word_1_102' title='bbox 113 1302 142 1351; x_wconf 82' lang='lat' dir='ltr'><strong>et</strong></span> <span class='ocrx_word' id='word_1_103' title='bbox 154 1293 272 1352; x_wconf 88' lang='lat' dir='ltr'><strong>salutern</strong></span> <span class='ocrx_word' id='word_1_104' title='bbox 294 1292 423 1353; x_wconf 87' lang='lat' dir='ltr'><strong>omnibus</strong></span> <span class='ocrx_word' id='word_1_105' title='bbox 444 1301 487 1353; x_wconf 85' lang='lat' dir='ltr'><strong>est</strong></span> <span class='ocrx_word' id='word_1_106' title='bbox 500 1294 672 1352; x_wconf 86' lang='lat' dir='ltr'><strong>necessaris:</strong></span> <span class='ocrx_word' id='word_1_107' title='bbox 697 1292 883 1352; x_wconf 79' lang='lat' dir='ltr'><strong>Eucharistia</strong></span> <span class='ocrx_word' id='word_1_108' title='bbox 896 1300 1027 1351; x_wconf 75' lang='lat' dir='ltr'><strong>autemus</strong></span> <span class='ocrx_word' id='word_1_109' title='bbox 1061 1341 1064 1349; x_wconf 78' lang='grc'>,</span> 
     </span>
     <span class='ocr_line' id='line_1_15' title="bbox 112 1373 1025 1465; baseline -0.003 -33"><span class='ocrx_word' id='word_1_110' title='bbox 112 1373 238 1433; x_wconf 85' lang='lat' dir='ltr'><strong>instituta</strong></span> <span class='ocrx_word' id='word_1_111' title='bbox 250 1384 284 1432; x_wconf 89' lang='lat' dir='ltr'><strong>ut</strong></span> <span class='ocrx_word' id='word_1_112' title='bbox 295 1373 374 1435; x_wconf 86' lang='lat' dir='ltr'><strong>cibus</strong></span> <span class='ocrx_word' id='word_1_113' title='bbox 386 1374 551 1454; x_wconf 84' lang='lat' dir='ltr'><strong>spiritualis:</strong></span> <span class='ocrx_word' id='word_1_114' title='bbox 574 1381 701 1451; x_wconf 75' lang='lat' dir='ltr'><strong>adeoque</strong></span> <span class='ocrx_word' id='word_1_115' title='bbox 723 1375 752 1432; x_wconf 91' lang='lat' dir='ltr'><strong>in</strong></span> <span class='ocrx_word' id='word_1_116' title='bbox 765 1373 945 1465; x_wconf 79' lang='lat' dir='ltr'><strong>suscipiente</strong></span> <span class='ocrx_word' id='word_1_117' title='bbox 957 1374 1025 1430; x_wconf 82' lang='lat' dir='ltr'><strong>vitan</strong></span> 
     </span>
     <span class='ocr_line' id='line_1_16' title="bbox 110 1454 1063 1537; baseline -0.005 -25"><span class='ocrx_word' id='word_1_118' title='bbox 110 1456 285 1531; x_wconf 83' lang='lat' dir='ltr'><strong>spiritualem</strong></span> <span class='ocrx_word' id='word_1_119' title='bbox 298 1458 491 1537; x_wconf 66' lang='lat' dir='ltr'><strong>praesupponit,</strong></span> <span class='ocrx_word' id='word_1_120' title='bbox 513 1465 543 1514; x_wconf 90' lang='lat' dir='ltr'><strong>et</strong></span> <span class='ocrx_word' id='word_1_121' title='bbox 561 1462 764 1533; x_wconf 87' lang='lat' dir='ltr'><strong>consequenter</strong></span> <span class='ocrx_word' id='word_1_122' title='bbox 775 1473 874 1512; x_wconf 84' lang='lat' dir='ltr'><strong>omnia</strong></span> <span class='ocrx_word' id='word_1_123' title='bbox 887 1454 1026 1513; x_wconf 62' lang='lat' dir='ltr'><strong>neumam</strong></span> <span class='ocrx_word' id='word_1_124' title='bbox 1062 1503 1063 1507; x_wconf 75' lang='grc'>,</span> 
     </span>
     <span class='ocr_line' id='line_1_17' title="bbox 73 1521 1065 1606; baseline 0.001 -14"><span class='ocrx_word' id='word_1_125' title='bbox 73 1562 77 1566; x_wconf 43' lang='grc'>“</span> <span class='ocrx_word' id='word_1_126' title='bbox 111 1534 298 1606; x_wconf 68' lang='lat' dir='ltr'><strong>adsalutem</strong></span> <span class='ocrx_word' id='word_1_127' title='bbox 320 1535 732 1595; x_wconf 84' lang='lat' dir='ltr'><strong>itantsensusreddideheat:</strong></span> <span class='ocrx_word' id='word_1_128' title='bbox 756 1533 834 1593; x_wconf 76' lang='lat' dir='ltr'><strong>Nisi</strong></span> <span class='ocrx_word' id='word_1_129' title='bbox 844 1536 1025 1593; x_wconf 76' lang='lat' dir='ltr'><strong>munducare</strong></span> <span class='ocrx_word' id='word_1_130' title='bbox 1056 1521 1065 1571; x_wconf 83' lang='lat'><strong>¹</strong></span> 
     </span>
     <span class='ocr_line' id='line_1_18' title="bbox 111 1606 1065 1696; baseline -0.001 -22"><span class='ocrx_word' id='word_1_131' title='bbox 111 1619 188 1687; x_wconf 71' lang='lat' dir='ltr'><strong>rite,</strong></span> <span class='ocrx_word' id='word_1_132' title='bbox 211 1621 262 1692; x_wconf 66' lang='lat' dir='ltr'><strong>dc.</strong></span> <span class='ocrx_word' id='word_1_133' title='bbox 277 1638 331 1676; x_wconf 92' lang='lat' dir='ltr'><strong>uon</strong></span> <span class='ocrx_word' id='word_1_134' title='bbox 346 1617 551 1696; x_wconf 85' lang='lat' dir='ltr'><strong>perseverabitis</strong></span> <span class='ocrx_word' id='word_1_135' title='bbox 564 1619 593 1675; x_wconf 93' lang='lat' dir='ltr'><strong>in</strong></span> <span class='ocrx_word' id='word_1_136' title='bbox 607 1619 672 1683; x_wconf 85' lang='lat' dir='ltr'><strong>vita,</strong></span> <span class='ocrx_word' id='word_1_137' title='bbox 695 1626 726 1676; x_wconf 92' lang='lat' dir='ltr'><strong>ut</strong></span> <span class='ocrx_word' id='word_1_138' title='bbox 738 1618 775 1674; x_wconf 89' lang='lat' dir='ltr'><strong>sit</strong></span> <span class='ocrx_word' id='word_1_139' title='bbox 788 1615 868 1674; x_wconf 82' lang='lat' dir='ltr'><strong>vohis</strong></span> <span class='ocrx_word' id='word_1_140' title='bbox 884 1623 996 1675; x_wconf 74' lang='lat' dir='ltr'><strong>iuterna.</strong></span> <span class='ocrx_word' id='word_1_141' title='bbox 1056 1606 1065 1651; x_wconf 69' lang='lat' dir='ltr'><strong>l</strong></span> 
     </span>
    </p>

    <p class='ocr_par' dir='ltr' id='par_1_5' title="bbox 110 1680 1065 2182">
     <span class='ocr_line' id='line_1_19' title="bbox 155 1680 1065 1778; baseline -0.002 -21"><span class='ocrx_word' id='word_1_142' title='bbox 155 1693 248 1757; x_wconf 83' lang='lat' dir='ltr'><strong>Detui</strong></span> <span class='ocrx_word' id='word_1_143' title='bbox 274 1716 340 1775; x_wconf 85' lang='lat' dir='ltr'><strong>crgo</strong></span> <span class='ocrx_word' id='word_1_144' title='bbox 362 1699 410 1758; x_wconf 86' lang='lat' dir='ltr'><strong>hio</strong></span> <span class='ocrx_word' id='word_1_145' title='bbox 432 1707 598 1778; x_wconf 72' lang='lat' dir='ltr'><strong>preceptum</strong></span> <span class='ocrx_word' id='word_1_146' title='bbox 625 1698 677 1756; x_wconf 90' lang='lat' dir='ltr'><strong>suh</strong></span> <span class='ocrx_word' id='word_1_147' title='bbox 702 1716 788 1774; x_wconf 84' lang='lat' dir='ltr'><strong>poena</strong></span> <span class='ocrx_word' id='word_1_148' title='bbox 803 1697 905 1755; x_wconf 84' lang='lat' dir='ltr'><strong>mortis</strong></span> <span class='ocrx_word' id='word_1_149' title='bbox 920 1704 1024 1767; x_wconf 77' lang='lat' dir='ltr'><strong>aterne,¹</strong></span> <span class='ocrx_word' id='word_1_150' title='bbox 1057 1680 1065 1733; x_wconf 67' lang='grc' dir='ltr'>Ι</span> 
     </span>
     <span class='ocr_line' id='line_1_20' title="bbox 111 1766 1065 1856; baseline -0.003 -16"><span class='ocrx_word' id='word_1_151' title='bbox 111 1779 162 1840; x_wconf 82' lang='lat' dir='ltr'><strong>aad</strong></span> <span class='ocrx_word' id='word_1_152' title='bbox 188 1779 345 1838; x_wconf 83' lang='lat' dir='ltr'><strong>extendens</strong></span> <span class='ocrx_word' id='word_1_153' title='bbox 368 1799 400 1839; x_wconf 89' lang='lat' dir='ltr'><strong>se</strong></span> <span class='ocrx_word' id='word_1_154' title='bbox 427 1779 465 1838; x_wconf 86' lang='lat' dir='ltr'><strong>ad</strong></span> <span class='ocrx_word' id='word_1_155' title='bbox 481 1779 556 1838; x_wconf 86' lang='lat' dir='ltr'><strong>solos</strong></span> <span class='ocrx_word' id='word_1_156' title='bbox 576 1778 696 1848; x_wconf 86' lang='lat' dir='ltr'><strong>adultos,</strong></span> <span class='ocrx_word' id='word_1_157' title='bbox 716 1778 752 1836; x_wconf 83' lang='lat' dir='ltr'><strong>ud</strong></span> <span class='ocrx_word' id='word_1_158' title='bbox 774 1796 847 1856; x_wconf 87' lang='lat' dir='ltr'><strong>quos</strong></span> <span class='ocrx_word' id='word_1_159' title='bbox 860 1776 1026 1837; x_wconf 78' lang='lat' dir='ltr'><strong>solummodo</strong></span> <span class='ocrx_word' id='word_1_160' title='bbox 1057 1766 1065 1813; x_wconf 72' lang='lat' dir='ltr'><strong>l</strong></span> 
     </span>
     <span class='ocr_line' id='line_1_21' title="bbox 110 1849 1065 1938; baseline -0.004 -18"><span class='ocrx_word' id='word_1_161' title='bbox 110 1881 202 1921; x_wconf 84' lang='lat' dir='ltr'><strong>sermo</strong></span> <span class='ocrx_word' id='word_1_162' title='bbox 216 1861 320 1919; x_wconf 83' lang='lat' dir='ltr'><strong>Christi</strong></span> <span class='ocrx_word' id='word_1_163' title='bbox 334 1860 473 1938; x_wconf 88' lang='lat' dir='ltr'><strong>dirigitur;</strong></span> <span class='ocrx_word' id='word_1_164' title='bbox 495 1861 545 1938; x_wconf 87' lang='lat' dir='ltr'><strong>qui</strong></span> <span class='ocrx_word' id='word_1_165' title='bbox 567 1866 661 1919; x_wconf 88' lang='lat' dir='ltr'><strong>tamen</strong></span> <span class='ocrx_word' id='word_1_166' title='bbox 675 1858 764 1919; x_wconf 85' lang='lat' dir='ltr'><strong>adulti</strong></span> <span class='ocrx_word' id='word_1_167' title='bbox 776 1860 796 1915; x_wconf 77' lang='lat' dir='ltr'><strong>ri</strong></span> <span class='ocrx_word' id='word_1_168' title='bbox 808 1857 1026 1938; x_wconf 66' lang='lat' dir='ltr'><strong>prevaricatione</strong></span> <span class='ocrx_word' id='word_1_169' title='bbox 1058 1849 1065 1916; x_wconf 74' lang='lat'><strong>¹.</strong></span> 
     </span>
     <span class='ocr_line' id='line_1_22' title="bbox 110 1931 1065 2060; baseline -0.005 -60"><span class='ocrx_word' id='word_1_170' title='bbox 110 1943 195 2020; x_wconf 82' lang='lat' dir='ltr'><strong>hujus</strong></span> <span class='ocrx_word' id='word_1_171' title='bbox 208 1944 340 2022; x_wconf 78' lang='lat' dir='ltr'><strong>praecepti</strong></span> <span class='ocrx_word' id='word_1_172' title='bbox 354 1961 403 2021; x_wconf 90' lang='lat' dir='ltr'><strong>per</strong></span> <span class='ocrx_word' id='word_1_173' title='bbox 415 1942 610 2020; x_wconf 80' lang='lat' dir='ltr'><strong>impotentiam</strong></span> <span class='ocrx_word' id='word_1_174' title='bbox 621 1941 662 1998; x_wconf 88' lang='lat' dir='ltr'><strong>vel</strong></span> <span class='ocrx_word' id='word_1_175' title='bbox 673 1940 753 1999; x_wconf 79' lang='lat' dir='ltr'><strong>aliter</strong></span> <span class='ocrx_word' id='word_1_176' title='bbox 763 1949 882 2018; x_wconf 89' lang='lat' dir='ltr'><strong>possunt</strong></span> <span class='ocrx_word' id='word_1_177' title='bbox 892 1941 1024 1997; x_wconf 78' lang='lat' dir='ltr'><strong>excusari:</strong></span> <span class='ocrx_word' id='word_1_178' title='bbox 1058 1931 1065 2060; x_wconf 73' lang='grc'>1</span> 
     </span>
     <span class='ocr_line' id='line_1_23' title="bbox 110 2019 1024 2100; baseline -0.004 -19"><span class='ocrx_word' id='word_1_179' title='bbox 110 2023 167 2082; x_wconf 82' lang='lat' dir='ltr'><strong>clia</strong></span> <span class='ocrx_word' id='word_1_180' title='bbox 188 2032 280 2082; x_wconf 82' lang='lat' dir='ltr'><strong>nutem</strong></span> <span class='ocrx_word' id='word_1_181' title='bbox 295 2021 417 2081; x_wconf 90' lang='lat' dir='ltr'><strong>locutio:</strong></span> <span class='ocrx_word' id='word_1_182' title='bbox 438 2024 502 2080; x_wconf 77' lang='lat' dir='ltr'><strong>nisi</strong></span> <span class='ocrx_word' id='word_1_183' title='bbox 511 2024 579 2100; x_wconf 81' lang='lat' dir='ltr'><strong>quis</strong></span> <span class='ocrx_word' id='word_1_184' title='bbox 592 2019 817 2098; x_wconf 78' lang='lat' dir='ltr'><strong>renutussuert&#39;t</strong></span> <span class='ocrx_word' id='word_1_185' title='bbox 830 2029 859 2079; x_wconf 90' lang='lat' dir='ltr'><strong>et</strong></span> <span class='ocrx_word' id='word_1_186' title='bbox 872 2022 1024 2098; x_wconf 76' lang='lat' dir='ltr'><strong>generaliter</strong></span> 
     </span>
     <span class='ocr_line' id='line_1_24' title="bbox 111 2100 670 2182; baseline -0.004 -19"><span class='ocrx_word' id='word_1_187' title='bbox 111 2124 218 2172; x_wconf 85' lang='lat' dir='ltr'><strong>omnes,</strong></span> <span class='ocrx_word' id='word_1_188' title='bbox 232 2107 316 2162; x_wconf 86' lang='lat' dir='ltr'><strong>etiam</strong></span> <span class='ocrx_word' id='word_1_189' title='bbox 331 2104 456 2182; x_wconf 86' lang='lat' dir='ltr'><strong>parvulos</strong></span> <span class='ocrx_word' id='word_1_190' title='bbox 469 2100 670 2180; x_wconf 80' lang='lat' dir='ltr'><strong>complectitur.</strong></span> 
     </span>
    </p>

    <p class='ocr_par' dir='ltr' id='par_1_6' title="bbox 112 2182 1025 2343">
     <span class='ocr_line' id='line_1_25' title="bbox 153 2182 1025 2262; baseline -0.003 -19"><span class='ocrx_word' id='word_1_191' title='bbox 153 2184 221 2261; x_wconf 90' lang='lat' dir='ltr'><strong>Ohj.</strong></span> <span class='ocrx_word' id='word_1_192' title='bbox 237 2185 276 2243; x_wconf 90' lang='lat'><strong>11.</strong></span> <span class='ocrx_word' id='word_1_193' title='bbox 291 2186 322 2242; x_wconf 86' lang='lat' dir='ltr'><strong>S.</strong></span> <span class='ocrx_word' id='word_1_194' title='bbox 338 2183 510 2262; x_wconf 80' lang='lat' dir='ltr'><strong>Augustinus</strong></span> <span class='ocrx_word' id='word_1_195' title='bbox 519 2185 547 2241; x_wconf 90' lang='lat' dir='ltr'><strong>in</strong></span> <span class='ocrx_word' id='word_1_196' title='bbox 561 2186 641 2241; x_wconf 86' lang='lat' dir='ltr'><strong>variis</strong></span> <span class='ocrx_word' id='word_1_197' title='bbox 654 2185 721 2242; x_wconf 90' lang='lat' dir='ltr'><strong>locis</strong></span> <span class='ocrx_word' id='word_1_198' title='bbox 734 2182 820 2240; x_wconf 85' lang='lat' dir='ltr'><strong>verba</strong></span> <span class='ocrx_word' id='word_1_199' title='bbox 831 2182 955 2242; x_wconf 85' lang='lat' dir='ltr'><strong>Christi:</strong></span> <span class='ocrx_word' id='word_1_200' title='bbox 977 2186 1025 2241; x_wconf 76' lang='lat' dir='ltr'><strong>urii</strong></span> 
     </span>
     <span class='ocr_line' id='line_1_26' title="bbox 112 2261 1023 2343; baseline -0.004 -19"><span class='ocrx_word' id='word_1_201' title='bbox 112 2267 365 2337; x_wconf 61' lang='lat' dir='ltr'><strong>manducaveritis</strong></span> <span class='ocrx_word' id='word_1_202' title='bbox 379 2271 430 2341; x_wconf 65' lang='lat' dir='ltr'><strong>dfe.</strong></span> <span class='ocrx_word' id='word_1_203' title='bbox 442 2262 571 2323; x_wconf 86' lang='lat' dir='ltr'><strong>extendit</strong></span> <span class='ocrx_word' id='word_1_204' title='bbox 581 2267 666 2322; x_wconf 88' lang='lat' dir='ltr'><strong>ctiam</strong></span> <span class='ocrx_word' id='word_1_205' title='bbox 680 2263 716 2322; x_wconf 86' lang='lat' dir='ltr'><strong>ad</strong></span> <span class='ocrx_word' id='word_1_206' title='bbox 727 2264 873 2343; x_wconf 80' lang='lat' dir='ltr'><strong>purvulos:</strong></span> <span class='ocrx_word' id='word_1_207' title='bbox 889 2283 963 2342; x_wconf 81' lang='lat' dir='ltr'><strong>ergo,</strong></span> <span class='ocrx_word' id='word_1_208' title='bbox 978 2261 1023 2321; x_wconf 85' lang='lat' dir='ltr'><strong>dre.</strong></span> 
     </span>
    </p>

    <p class='ocr_par' dir='ltr' id='par_1_7' title="bbox 111 2343 1065 2991">
     <span class='ocr_line' id='line_1_27' title="bbox 154 2343 1026 2423; baseline -0.005 -18"><span class='ocrx_word' id='word_1_209' title='bbox 154 2348 189 2405; x_wconf 91' lang='lat' dir='ltr'><strong>R.</strong></span> <span class='ocrx_word' id='word_1_210' title='bbox 206 2348 274 2404; x_wconf 90' lang='lat' dir='ltr'><strong>Non</strong></span> <span class='ocrx_word' id='word_1_211' title='bbox 293 2347 417 2423; x_wconf 89' lang='lat' dir='ltr'><strong>loquitur</strong></span> <span class='ocrx_word' id='word_1_212' title='bbox 430 2347 451 2403; x_wconf 86' lang='lat' dir='ltr'>S</span> <span class='ocrx_word' id='word_1_213' title='bbox 482 2347 653 2422; x_wconf 82' lang='lat' dir='ltr'><strong>Augustinus</strong></span> <span class='ocrx_word' id='word_1_214' title='bbox 667 2345 703 2403; x_wconf 89' lang='lat' dir='ltr'><strong>de</strong></span> <span class='ocrx_word' id='word_1_215' title='bbox 717 2343 935 2405; x_wconf 83' lang='lat' dir='ltr'><strong>manducatione</strong></span> <span class='ocrx_word' id='word_1_216' title='bbox 945 2364 1026 2403; x_wconf 67' lang='lat' dir='ltr'><strong>sacra«</strong></span> 
     </span>
     <span class='ocr_line' id='line_1_28' title="bbox 112 2424 1023 2505; baseline -0.005 -19"><span class='ocrx_word' id='word_1_217' title='bbox 112 2428 235 2496; x_wconf 78' lang='lat' dir='ltr'><strong>mentali,</strong></span> <span class='ocrx_word' id='word_1_218' title='bbox 256 2446 348 2505; x_wconf 88' lang='lat' dir='ltr'><strong>neque</strong></span> <span class='ocrx_word' id='word_1_219' title='bbox 374 2425 458 2484; x_wconf 87' lang='lat' dir='ltr'><strong>verba</strong></span> <span class='ocrx_word' id='word_1_220' title='bbox 484 2425 588 2487; x_wconf 89' lang='lat' dir='ltr'><strong>Christi</strong></span> <span class='ocrx_word' id='word_1_221' title='bbox 614 2424 750 2486; x_wconf 88' lang='lat' dir='ltr'><strong>sumendo</strong></span> <span class='ocrx_word' id='word_1_222' title='bbox 773 2428 900 2484; x_wconf 89' lang='lat' dir='ltr'><strong>insensu</strong></span> <span class='ocrx_word' id='word_1_223' title='bbox 916 2427 1023 2496; x_wconf 87' lang='lat' dir='ltr'><strong>litterali,</strong></span> 
     </span>
     <span class='ocr_line' id='line_1_29' title="bbox 111 2497 1065 2586; baseline -0.002 -19"><span class='ocrx_word' id='word_1_224' title='bbox 111 2509 160 2567; x_wconf 89' lang='lat' dir='ltr'><strong>sed</strong></span> <span class='ocrx_word' id='word_1_225' title='bbox 175 2516 283 2567; x_wconf 88' lang='lat' dir='ltr'><strong>tantum</strong></span> <span class='ocrx_word' id='word_1_226' title='bbox 307 2505 486 2584; x_wconf 87' lang='lat' dir='ltr'><strong>intelligendo</strong></span> <span class='ocrx_word' id='word_1_227' title='bbox 501 2506 537 2564; x_wconf 91' lang='lat' dir='ltr'><strong>de</strong></span> <span class='ocrx_word' id='word_1_228' title='bbox 550 2508 762 2586; x_wconf 82' lang='lat' dir='ltr'><strong>participatione</strong></span> <span class='ocrx_word' id='word_1_229' title='bbox 776 2509 899 2584; x_wconf 87' lang='lat' dir='ltr'><strong>mystica</strong></span> <span class='ocrx_word' id='word_1_230' title='bbox 911 2509 1023 2586; x_wconf 81' lang='lat' dir='ltr'><strong>Corporis</strong></span> <span class='ocrx_word' id='word_1_231' title='bbox 1061 2497 1065 2580; x_wconf 74' lang='lat' dir='ltr'><strong>l</strong></span> 
     </span>
     <span class='ocr_line' id='line_1_30' title="bbox 113 2587 1065 2666; baseline -0.004 -18"><span class='ocrx_word' id='word_1_232' title='bbox 113 2590 217 2648; x_wconf 87' lang='lat' dir='ltr'><strong>Christi</strong></span> <span class='ocrx_word' id='word_1_233' title='bbox 231 2590 399 2666; x_wconf 82' lang='lat' dir='ltr'><strong>inquantum</strong></span> <span class='ocrx_word' id='word_1_234' title='bbox 422 2607 469 2666; x_wconf 91' lang='lat' dir='ltr'><strong>per</strong></span> <span class='ocrx_word' id='word_1_235' title='bbox 491 2587 668 2666; x_wconf 86' lang='lat' dir='ltr'><strong>Baptismum</strong></span> <span class='ocrx_word' id='word_1_236' title='bbox 684 2587 787 2646; x_wconf 86' lang='lat' dir='ltr'><strong>Christi</strong></span> <span class='ocrx_word' id='word_1_237' title='bbox 799 2597 828 2646; x_wconf 89' lang='lat' dir='ltr'><strong>et</strong></span> <span class='ocrx_word' id='word_1_238' title='bbox 843 2587 960 2666; x_wconf 86' lang='lat' dir='ltr'><strong>Corpori</strong></span> <span class='ocrx_word' id='word_1_239' title='bbox 973 2587 1022 2665; x_wconf 82' lang='lat' dir='ltr'><strong>ejus</strong></span> <span class='ocrx_word' id='word_1_240' title='bbox 1054 2589 1065 2662; x_wconf 53' lang='lat' dir='ltr'><strong>‚i</strong></span> 
     </span>
     <span class='ocr_line' id='line_1_31' title="bbox 112 2667 1065 2750; baseline -0.004 -20"><span class='ocrx_word' id='word_1_241' title='bbox 112 2673 233 2750; x_wconf 82' lang='lat' dir='ltr'><strong>mystico</strong></span> <span class='ocrx_word' id='word_1_242' title='bbox 255 2667 344 2748; x_wconf 90' lang='lat' dir='ltr'><strong>(quod</strong></span> <span class='ocrx_word' id='word_1_243' title='bbox 368 2677 411 2726; x_wconf 88' lang='lat' dir='ltr'><strong>est</strong></span> <span class='ocrx_word' id='word_1_244' title='bbox 436 2668 579 2743; x_wconf 81' lang='lat' dir='ltr'><strong>Ecclesia)</strong></span> <span class='ocrx_word' id='word_1_245' title='bbox 608 2668 714 2746; x_wconf 88' lang='lat' dir='ltr'><strong>parvuli</strong></span> <span class='ocrx_word' id='word_1_246' title='bbox 731 2670 950 2746; x_wconf 86' lang='lat' dir='ltr'><strong>incorporantur.</strong></span> <span class='ocrx_word' id='word_1_247' title='bbox 987 2667 1022 2726; x_wconf 81' lang='lat' dir='ltr'><strong>Ite</strong></span> <span class='ocrx_word' id='word_1_248' title='bbox 1049 2670 1065 2738; x_wconf 60' lang='lat' dir='ltr'><strong>l</strong></span> 
     </span>
     <span class='ocr_line' id='line_1_32' title="bbox 112 2748 1021 2829; baseline -0.001 -20"><span class='ocrx_word' id='word_1_249' title='bbox 112 2753 143 2811; x_wconf 76' lang='lat' dir='ltr'><strong>S.</strong></span> <span class='ocrx_word' id='word_1_250' title='bbox 158 2752 280 2828; x_wconf 81' lang='lat' dir='ltr'><strong>August.</strong></span> <span class='ocrx_word' id='word_1_251' title='bbox 299 2748 424 2828; x_wconf 86' lang='lat' dir='ltr'><strong>explicat</strong></span> <span class='ocrx_word' id='word_1_252' title='bbox 443 2749 505 2829; x_wconf 85' lang='lat' dir='ltr'><strong>ejus</strong></span> <span class='ocrx_word' id='word_1_253' title='bbox 532 2749 686 2829; x_wconf 91' lang='lat' dir='ltr'><strong>discipulus</strong></span> <span class='ocrx_word' id='word_1_254' title='bbox 706 2749 737 2806; x_wconf 90' lang='lat' dir='ltr'><strong>S.</strong></span> <span class='ocrx_word' id='word_1_255' title='bbox 754 2749 923 2826; x_wconf 86' lang='lat' dir='ltr'><strong>Fulgentius</strong></span> <span class='ocrx_word' id='word_1_256' title='bbox 935 2753 1021 2808; x_wconf 87' lang='lat' dir='ltr'><strong>citatur</strong></span> 
     </span>
     <span class='ocr_line' id='line_1_33' title="bbox 112 2829 1065 2912; baseline -0.007 -20"><span class='ocrx_word' id='word_1_257' title='bbox 112 2834 188 2912; x_wconf 82' lang='lat' dir='ltr'><strong>apud</strong></span> <span class='ocrx_word' id='word_1_258' title='bbox 205 2831 345 2891; x_wconf 85' lang='lat' dir='ltr'><strong>Daelman</strong></span> <span class='ocrx_word' id='word_1_259' title='bbox 359 2838 394 2890; x_wconf 82' lang='lat' dir='ltr'><strong>de</strong></span> <span class='ocrx_word' id='word_1_260' title='bbox 408 2830 609 2902; x_wconf 66' lang='lat' dir='ltr'><strong>Eucharistiae,</strong></span> <span class='ocrx_word' id='word_1_261' title='bbox 623 2830 682 2890; x_wconf 90' lang='lat' dir='ltr'><strong>obs.</strong></span> <span class='ocrx_word' id='word_1_262' title='bbox 700 2829 797 2888; x_wconf 79' lang='lat' dir='ltr'><strong>Lvide</strong></span> <span class='ocrx_word' id='word_1_263' title='bbox 808 2833 896 2890; x_wconf 86' lang='lat' dir='ltr'><strong>etiam</strong></span> <span class='ocrx_word' id='word_1_264' title='bbox 904 2841 1018 2891; x_wconf 84' lang='lat' dir='ltr'><strong>sanctum</strong></span> <span class='ocrx_word' id='word_1_265' title='bbox 1062 2887 1065 2906; x_wconf 29' lang='grc' dir='ltr'>ἶ</span> 
     </span>
     <span class='ocr_line' id='line_1_34' title="bbox 112 2908 823 2991; baseline -0.004 -19"><span class='ocrx_word' id='word_1_266' title='bbox 112 2915 255 2974; x_wconf 80' lang='lat' dir='ltr'><strong>Thcmem</strong></span> <span class='ocrx_word' id='word_1_267' title='bbox 268 2912 317 2973; x_wconf 83' lang='lat' dir='ltr'><strong>hic</strong></span> <span class='ocrx_word' id='word_1_268' title='bbox 330 2911 368 2973; x_wconf 84' lang='lat' dir='ltr'><strong>ed</strong></span> <span class='ocrx_word' id='word_1_269' title='bbox 385 2913 409 2971; x_wconf 92' lang='lat'><strong>1.</strong></span> <span class='ocrx_word' id='word_1_270' title='bbox 420 2921 447 2972; x_wconf 84' lang='lat' dir='ltr'><strong>et</strong></span> <span class='ocrx_word' id='word_1_271' title='bbox 462 2921 559 2991; x_wconf 75' lang='lat' dir='ltr'><strong>quast.</strong></span> <span class='ocrx_word' id='word_1_272' title='bbox 573 2910 621 2971; x_wconf 84' lang='lat'><strong>80.</strong></span> <span class='ocrx_word' id='word_1_273' title='bbox 635 2921 685 2970; x_wconf 79' lang='lat' dir='ltr'><strong>art.</strong></span> <span class='ocrx_word' id='word_1_274' title='bbox 701 2913 728 2970; x_wconf 79' lang='lat'><strong>9.</strong></span> <span class='ocrx_word' id='word_1_275' title='bbox 744 2911 778 2970; x_wconf 82' lang='lat' dir='ltr'><strong>ad</strong></span> <span class='ocrx_word' id='word_1_276' title='bbox 792 2908 823 2969; x_wconf 78' lang='grc'><strong>3.</strong></span> 
     </span>
    </p>
   </div>
   <div class='ocr_carea' id='block_1_3' title="bbox 0 0 1072 3990">
    <p class='ocr_par' dir='ltr' id='par_1_8' title="bbox 0 0 1072 3990">
     <span class='ocr_line' id='line_1_35' title="bbox 0 0 1072 3990; baseline 0 0"><span class='ocrx_word' id='word_1_277' title='bbox 0 0 1072 3990; x_wconf 95' lang='lat' dir='ltr'><strong> </strong></span> 
     </span>
    </p>
   </div>
  </div>
 </body>
</html>
