2130 3990
110 159 171 220 32⁴
490 175 667 220 rhammus

151 322 289 383 Quanam
303 320 463 401 impediunt
472 341 586 382 omnem
597 320 731 382 effectum
745 319 962 381 Eucharistiae?

153 404 192 462 ll.
209 404 247 461 R.
270 401 419 473 Haectria,
433 403 673 463 scilicctdelactus
691 404 841 484 Baptismi,
862 401 988 463 defectus
999 403 1032 461 in·

111 486 243 543 tentionis
256 485 283 542 in
298 484 405 556 adulto,
426 493 455 542 et
468 494 612 563 peccatum
627 484 755 544 mortale.
798 483 879 543 Vide
891 483 979 542 Num.
991 483 1031 544 31.

152 567 200 624 An
229 572 376 643 peccatum
404 563 513 624 veniale
538 564 657 646 impedit
682 564 800 626 effectus
829 565 916 644 hujus
944 565 1033 624 Sacra·

86 644 222 704 *mentii

153 726 209 786 llI.
228 726 264 784 R.
290 726 413 785 Peccata
424 728 543 789 venialia
562 725 710 808 dupliciter
722 726 812 805 accipi
827 735 963 806 possunt:
983 747 1032 786 uno

112 807 205 879 modo,
226 817 258 864 ut
271 818 337 866 sunt
351 812 502 886 praeterita,
523 828 571 866 seu
587 813 614 867 in
630 809 728 867 habitu
742 814 855 868 tantiam
871 811 1031 867 remanentia

109 891 263 946 secundum
288 889 429 947 maculam
446 898 481 950 ct
495 899 606 948 reatum
623 913 633 960 3
656 891 710 949 alio
725 888 821 963 modo,
843 897 876 949 ut
889 897 957 948 sunt
969 909 1029 968 prae-

112 973 200 1026 sentia
213 969 366 1028 secundum
382 980 477 1028 actum
493 970 536 1029 vel
551 969 694 1028 affectum.

153 1050 210 1108 IV.
227 1051 257 1109 Si
264 1060 363 1127 agatur
377 1050 412 1108 de
419 1055 540 1129 peccatis
554 1050 706 1110 venialibus
713 1051 866 1130 praeteritis
875 1049 1026 1128 dumtaxat;

106 1130 261 1210 respondet
274 1136 305 1188 S.
320 1133 448 1190 Thomas
463 1132 510 1190 hic
525 1134 552 1190 in
572 1131 656 1209 Corp.
672 1131 744 1213 qubd
755 1131 804 1190 illa
814 1151 872 1189 non
883 1131 1025 1213 impediant

110 1211 195 1289 hujus
210 1213 388 1272 Sacramenti
401 1213 534 1271 effectum
549 1233 556 1269 :
571 1215 638 1293 quin
652 1215 744 1291 potiris
757 1215 819 1292 ipsa
834 1232 932 1272 eorum
946 1215 1022 1273 remis·

110 1295 150 1350 sio
165 1303 207 1350 est
222 1291 308 1369 hujus
322 1296 496 1352 Sacramenti
509 1294 635 1365 effectus,
651 1305 682 1354 ut
695 1293 801 1353 dictum
814 1302 860 1351 est
875 1294 905 1352 N
908 1313 962 1354 um.
975 1294 1012 1354 46.

152 1372 190 1431 V.
206 1375 328 1433 Peccata
340 1375 459 1433 venialia
473 1384 538 1433 actu
549 1376 592 1435 vel
603 1374 706 1433 affectu
719 1376 870 1453 praesentia
882 1375 1020 1454 impediunt

108 1455 231 1531 aliquem
254 1454 303 1513 sed
317 1475 370 1513 non
385 1476 498 1514 omnem
512 1455 663 1524 effectum
686 1455 721 1514 de
735 1476 791 1534 quo
804 1457 848 1514 ita
861 1459 893 1514 S.
909 1455 1019 1517 Thomu

108 1535 154 1592 hic
182 1537 210 1592 in
231 1536 316 1612 Carpi.
337 1539 355 1568 ‘⁸
373 1535 499 1595 Effectus
525 1537 609 1615 hujus
623 1537 799 1596 Sacramenti
819 1557 876 1594 non
892 1536 1019 1599 solrimcst
1048 1558 1053 1568 ’

107 1615 222 1695 adeptio
237 1616 386 1676 habitualis
399 1621 493 1694 gratiae
508 1620 550 1678 vel
565 1617 719 1687 charitatis,
739 1617 893 1676 sedetiam
908 1617 1019 1696 quadan

107 1699 225 1757 actualis
240 1697 354 1757 relectio
368 1698 519 1776 spiritualis
533 1698 708 1758 dulcedinis:
736 1717 802 1776 qnae
817 1697 933 1777 quidem
945 1703 1019 1778 impe·

108 1777 191 1845 ditur,
213 1781 235 1836 si
250 1777 351 1856 aliquis
374 1778 491 1838 accedat
512 1779 550 1838 ad
566 1781 618 1838 hoc
632 1778 844 1839 Sacramentum
859 1798 911 1857 per
921 1791 1020 1858 peccata

108 1860 227 1917 venialia
254 1871 347 1917 mente
361 1860 522 1928 distractum
547 1869 714 1919 nouantem
732 1859 839 1920 tollitur
851 1866 1021 1940 augmentum
1051 1882 1053 1886 ⁴

110 1939 261 2001 habitualis
275 1942 371 2018 gratiae
385 1942 429 2000 vel
443 1941 612 2000 charitatis.”

149 2021 202 2079 Vl.
219 2022 286 2079 Hoc
300 2031 392 2080 autem
408 2031 590 2100 augmentum
605 2025 700 2098 gratia
714 2020 865 2081 habitualis
878 2024 964 2082 etiam
976 2032 1021 2082 sta·

107 2104 158 2159 tim
172 2104 323 2166 obtinetur,
345 2113 486 2161 utcontra
501 2102 679 2181 Cajctanum,
702 2103 860 2161 Contenson
876 2114 908 2161 et
924 2105 1022 2164 Neon

108 2186 208 2259 passim
223 2182 341 2260 probant
355 2185 497 2243 Autbores
521 2205 558 2242 ex
588 2203 630 2257 co,
652 2185 729 2263 qnod
757 2185 1023 2244 sacramentaneus

107 2262 190 2341 Legis
203 2268 319 2341 gratiam
334 2265 542 2324 conferantnon
555 2265 722 2344 ponentibus
732 2266 858 2324 obicem:
873 2265 923 2324 ille
933 2275 1024 2338 autem,
1058 2313 1065 2360 Ι

104 2348 230 2420 quicum
247 2357 311 2402 actu
325 2347 366 2404 vel
382 2345 485 2404 affectu
510 2350 621 2423 peccati
636 2346 746 2405 venialis
762 2349 965 2414 communicat,
978 2368 1023 2406 uon

104 2429 184 2501 ponit
212 2426 318 2483 obicem
333 2427 428 2502 gratiae
443 2426 580 2485 habituali
592 2450 599 2498 ;
623 2434 686 2485 ciam
709 2428 779 2487 illud
803 2447 859 2485 non
880 2437 1024 2508 opponatur

104 2510 210 2581 gratiae.
255 2507 366 2564 Deinde
380 2509 427 2566 ille
441 2511 562 2586 seipsum
578 2508 704 2586 probavit
715 2508 799 2587 juxta
812 2528 927 2568 sensum
943 2507 1022 2588 Apos-

104 2587 164 2657 toli,
185 2587 364 2646 conformiter
390 2590 426 2649 ad
456 2589 617 2647 Concilium
642 2591 722 2649 Trid.
738 2609 805 2648 sese.
823 2588 870 2648 13.
887 2610 950 2669 cap.
965 2590 990 2648 7.
1002 2598 1025 2649 et
1060 2592 1063 2601 '

105 2669 192 2725 etiam
219 2666 306 2726 habet
329 2678 431 2728 vestem
460 2670 622 2749 nuptialem,
643 2670 679 2728 dc
707 2668 873 2750 quaetdem
903 2673 1023 2743 sessione,

104 2768 136 2805 ca
159 2750 211 2807 .8.

138 2768 213 2888 pVII.
243 2830 372 2888 Observa
398 2838 504 2902 tamen,
524 2831 599 2910 quiid
628 2839 724 2912 praeter
745 2831 896 2911 spiritualis
911 2831 1022 2891 delecta·

102 2909 182 2968 tionis
198 2913 379 2968 amissionem
394 2922 520 2990 respectu
549 2912 612 2971 talis
628 2915 788 2971 minuantur
801 2912 920 2971 effectus
935 2932 1021 2972 sccun-

102 2989 187 3063 darii;
211 2991 312 3049 deinde
340 2994 431 3071 ipsum
457 2996 554 3069 gratiae
578 3004 761 3073 angmentum
783 2994 865 3070 longe
879 2995 1019 3061 minuent,

102 3074 186 3148 quam
215 3072 338 3150 alioquin
366 3075 559 3153 perciperetur,
581 3075 617 3132 ob
646 3079 781 3133 minorem
802 3094 904 3153 nempe
919 3074 1021 3154 disposi-

102 3155 219 3215 tionem.

144 3234 187 3292 An
203 3231 239 3291 ad
255 3233 339 3312 hujus
353 3235 528 3293 Sacramenti
543 3235 675 3295 effectum
691 3235 923 3316 consequendum
937 3255 1019 3296 necer-

99 3317 169 3375 saria
183 3323 224 3372 est
235 3314 381 3394 dispositio
396 3315 547 3375 devotionis
562 3315 702 3376 actualis?
1054 3352 1063 3372 a

141 3394 230 3454 Vlll.
246 3395 285 3459 R,
296 3395 374 3454 Illius
385 3396 512 3455 defectus
522 3397 791 3477 acciditduplicitcr:
799 3397 841 3456 vel
853 3396 1019 3462 uoluntarii.
1060 3410 1063 3419 '

99 3476 177 3533 etita
189 3475 308 3554 impedit
318 3476 407 3554 juxta
420 3481 514 3536 statim
530 3478 622 3551 dicta;
638 3479 704 3539 crim
715 3482 754 3537 sic
765 3478 903 3537 accedens
914 3478 1020 3538 indubii

99 3564 198 3634 peccet
211 3557 370 3616 venialiter:
386 3559 429 3617 vel
443 3556 651 3629 involuntarie,
676 3580 699 3618 v.
715 3580 742 3639 g.
758 3579 806 3639 per
819 3560 1020 3619 distractionem

99 3637 312 3697 involuntariam
324 3659 332 3708 ;
354 3645 383 3697 et
406 3643 445 3698 ita
458 3640 578 3720 impedit
591 3641 729 3700 actualem
743 3641 961 3700 delectationem
974 3643 1021 3719 spi·
1059 3639 1063 3695 i

99 3717 235 3789 ritualem,
252 3718 366 3780 sednon
381 3721 561 3799 impeditnec
573 3724 674 3783 minuit
684 3723 752 3782 ahos
763 3723 846 3802 hujus
855 3721 1021 3783 Sacramenti
1060 3739 1063 3776 ι

636 3922 722 3962 ΓἋ.
