2130 3990
99 161 160 221 nor
484 130 667 225 succurri

98 324 163 385 ferri
176 322 330 383 formaliter
336 321 385 382 sed
394 328 502 384 tantum
512 322 705 397 materialiter,
718 323 825 402 partim
833 321 1018 398 instructionis,
1048 376 1057 434 h

97 416 127 467 et
139 408 241 485 partim
255 406 432 465 caeremonioe
445 407 542 465 eausa

140 486 317 564 Argumenta
338 486 486 567 utriusque
498 486 643 566 opinionis
661 485 782 567 reperies
796 483 874 567 apud
892 482 1019 563 Sylviun,
1055 537 1057 543 ,

101 568 224 632 Billuart
237 576 267 625 et
281 565 398 627 Hanno.

142 648 197 708 Vl.
220 648 269 706 Ob
291 650 451 708 ranetatem
463 649 664 707 sententiarum
676 649 818 726 optimum
832 652 888 719 est,
908 654 943 704 ut
958 646 1018 706 Neo

101 733 191 790 miste
204 727 360 804 intendant,
380 729 456 808 quod
472 729 603 788 Ecclesia
616 726 674 786 vult
686 726 722 786 ab
736 729 804 807 ipsis
818 728 894 801 lieri,
908 726 1019 808 adeoque
1054 742 1057 753 ·

101 811 231 893 proferre
254 810 337 869 verba
360 810 523 878 formaliter,
543 808 645 869 situlis
664 810 702 868 sit
715 829 796 869 mens
811 807 972 880 Ecclesia:
988 812 1019 869 sin

102 894 194 953 minus
220 891 417 952 materialiter:
438 889 594 951 curandum
618 891 704 949 etiam
719 900 770 961 ast,
793 897 826 950 ut
838 888 943 949 finiant
954 890 1021 949 rerba

102 974 316 1055 consecrationis
341 973 424 1031 simul
452 992 517 1032 cum
548 972 705 1052 Episcopo;
734 974 776 1031 tta
803 982 902 1030 autem
929 990 1021 1051 semper

101 1055 225 1115 intentio
251 1051 397 1113 formanda
421 1063 482 1112 est:
504 1060 536 1114 ut
560 1074 615 1123 non
638 1052 788 1113 intendant
816 1056 1021 1123 consecrarant

101 1137 200 1194 finiant
213 1142 278 1192 ante
302 1135 486 1214 Episcopum,
507 1154 544 1193 ne
558 1134 606 1193 hic
630 1133 699 1194 forte
711 1141 781 1192 tunc
803 1153 859 1192 non
874 1142 1021 1193 consecret:

102 1237 155 1275 nec
171 1217 260 1273 etiam
274 1218 297 1274 si
310 1213 410 1274 finiant
423 1226 488 1296 post
502 1217 686 1296 Episcopum,
708 1235 746 1274 ne
758 1213 1023 1293 lormnrnprolerartt

103 1317 187 1377 super
201 1298 344 1355 materiam
358 1295 418 1374 jam
434 1306 633 1357 consecratam.

113 1459 154 1520 n.
177 1457 227 1516 so.
254 1458 313 1518 urs
335 1457 552 1518 urnrsruo
576 1455 938 1517 urspsnsarroure
959 1450 1018 1519 so-
1055 1418 1057 1525 ζ

442 1537 698 1599 connisum.
1055 1562 1057 1571 =

307 1701 338 1760 S.
357 1701 456 1763 Tironi.
475 1708 569 1782 qnasi.
584 1699 632 1758 82.
647 1709 704 1762 ort.
718 1700 750 1760 3.
763 1709 794 1761 et
805 1700 836 1758 9.

107 1863 131 1921 l.
158 1860 341 1923 Ordinnrins
355 1870 399 1921 est
414 1862 565 1923 Sacerdos.
608 1862 647 1923 lI.
670 1863 712 1923 Et
725 1862 1029 1923 extraordinariorum

146 1942 313 2003 Diaconos.
348 1943 406 2002 111.
421 1942 490 2002 Non
504 1942 711 2004 Subdinconns
722 1942 768 2004 oei
779 1942 949 2023 inferiores.
981 1940 1025 2003 lv.

150 2024 255 2083 Omnis
270 2025 412 2086 Sacerdos
437 2025 518 2084 licite
531 2026 695 2085 distribuit.
740 2024 777 2086 V.
797 2023 910 2085 Tribus
923 2023 1027 2083 cantra

146 2112 287 2183 exceptis.
330 2107 390 2167 Vl.
406 2107 449 2167 Et
460 2116 564 2186 quarto
573 2127 632 2186 pro
646 2105 862 2184 Reguloribns.
907 2105 980 2165 Vll.
990 2103 1026 2162 Dr

147 2188 295 2247 Ministro
310 2191 448 2267 indigne.

148 2349 304 2416 Qorsnuru
318 2358 362 2407 est
377 2350 508 2410 Minister
521 2349 736 2428 dispensationis
752 2349 962 2409 Eucharistirei
996 2346 999 2351 ’

151 2433 172 2488 Ι.
202 2430 239 2488 R.
270 2430 437 2489 Ordinnrius
466 2439 509 2489 est
534 2431 610 2490 solus
634 2431 786 2501 Sacerdos:
812 2440 841 2489 et
854 2432 970 2510 quidem
979 2430 1028 2509 jure

108 2511 202 2569 ‹lirino
218 2519 248 2569 ut
262 2510 345 2569 docet
358 2512 439 2571 Trid.
453 2533 518 2570 sess.
533 2509 579 2571 13.
594 2533 653 2592 cap.
666 2514 694 2571 8.
706 2521 736 2571 et
747 2533 813 2571 sess.
823 2512 872 2570 23.
885 2513 921 2570 de
933 2510 1030 2571 Ordine

109 2612 169 2670 cap.
188 2590 215 2649 l.
231 2600 259 2650 et
282 2590 423 2671 colligitur
436 2614 474 2651 ex
494 2593 537 2651 his
551 2593 639 2652 verbis
655 2593 775 2652 Christi:
797 2594 968 2674 hocsacite,
988 2590 1029 2651 &a

99 2673 144 2749 ,lrl
173 2683 223 2744 eut,
244 2686 416 2747 consecrate,
437 2674 550 2748 sumite,
570 2684 599 2732 at
626 2674 689 2733 aliis
718 2674 884 2745 distribuite,
906 2678 979 2734 sicut
997 2692 1031 2733 rna

109 2753 212 2811 vidistis
226 2752 329 2812 iacere.
811 2812 817 2823 ,

150 2835 190 2895 ll.
208 2835 341 2894 Minister
361 2835 601 2895 extraordinarius
616 2844 658 2895 est
673 2836 826 2903 Diaconos,
847 2838 959 2897 scilicet
979 2854 1031 2895 cun

109 2913 221 2973 licentia
248 2915 380 2995 Episcopi
408 2917 452 2975 vel
480 2917 659 2996 Presbyteri:
682 2928 714 2977 ut
740 2926 850 2976 constat
877 2939 915 2977 ex
930 2919 1033 2995 antiqua

110 2997 192 3072 praxi
222 2997 426 3074 Ecclesiaetnon
442 3002 500 3058 raro
525 3002 721 3059 committentis
744 3000 877 3058 Diacnnis
900 2999 1032 3077 dispensa·

109 3077 215 3133 tionem
240 3081 387 3155 prraerertim
416 3080 584 3157 Sanguinis:
599 3081 677 3141 unde
704 3080 735 3139 S.
752 3081 919 3139 Laurentius
933 3080 1034 3138 dicebat

111 3154 200 3214 Beato
215 3157 316 3228 Sixto;
341 3161 390 3216 cni
417 3163 592 3221 commisisti
618 3163 774 3233 Donn'nici
797 3162 973 3239 Sanguinis
986 3162 1033 3218 die

104 3241 320 3312 pausationem.

151 3316 232 3377 Usus
247 3320 442 3382 committendi
456 3322 593 3382 Diacouis
607 3323 843 3403 dispensationem
860 3322 1037 3382 Eucharistiae

104 3397 166 3473 jam
178 3398 283 3460 dudurn
297 3401 375 3482 apud
386 3423 435 3461 nos
454 3403 597 3477 exolevit3
612 3407 640 3464 in
653 3409 818 3464 necessitate
830 3415 923 3467 tamen
935 3422 1037 3463 sumen·

92 3478 142 3548 *di
169 3477 325 3553 Viaticum,
348 3484 466 3543 absente
489 3486 668 3564 Presbytero,
690 3486 735 3545 vel
750 3495 897 3566 praesente,
917 3486 967 3544 sed
981 3489 1039 3543 irra-

109 3559 278 3652 tionabiliter
301 3573 454 3635 recusante,
480 3568 622 3626 Diaconos
646 3567 716 3627 illud
741 3567 932 3627 administrare
948 3576 1041 3646 potest,

107 3653 191 3721 stram
206 3643 267 3702 sine
283 3664 417 3725 expressa
432 3649 638 3709 commissione.
