2130 3990
94 177 134 241 tc
316 206 321 215 ·
472 194 648 242 raacranus

92 339 173 409 addit
183 340 216 402 S.
231 340 374 415 Thomas3
393 341 533 405 brevitatis
546 351 643 403 tamen
655 340 745 422 gratu
752 339 814 422 jam
827 340 944 405 invaluit
956 344 1024 404 siur-

94 423 204 505 pliciter'
216 421 309 483 dicere
323 423 470 483 materiam
483 431 512 487 et
527 423 657 485 formem
759 458 761 463 ·

95 585 137 646 N.
151 583 180 644 6.
203 583 262 645 DE
276 582 523 651 SIMULTATu
538 583 751 646 MATERIAE
768 585 823 646 ΕΤ
843 583 1023 649 FORMAE.

92 745 120 806 I.
144 744 320 826 Requiritur
340 744 479 807 simultas
500 746 629 811 meruleta
671 748 712 807 11.
736 746 773 807 ln
793 765 850 825 quo
871 750 1023 808 consectum

134 827 192 887 111.
214 827 316 889 Latios·
329 831 361 887 iu
377 827 563 889 Qunam
576 828 767 891 Paenitentia.
815 826 870 889 IV.
894 827 1020 889 EtMn-

130 911 272 971 tre'monii.
312 908 351 969 V.
366 905 469 987 Major
482 912 514 968 iu
529 914 648 971 celeria
688 908 749 1005 Vl.
766 907 847 971 Nota
854 929 912 988 pro
919 911 1022 988 pruzi.

134 1067 159 1128 1.
180 1071 303 1142 Quaere
320 1070 466 1150 requiritur
478 1070 605 1132 simultas
617 1063 674 1132 sius
688 1070 848 1151 conjunctio
858 1072 982 1133 materias
995 1075 1025 1131 et

94 1150 193 1212 forme
207 1151 245 1210 ad
258 1148 428 1210 validitatem
441 1150 640 1212 Sacramenti?
660 1183 663 1189 >
1026 1174 1029 1181 ·

132 1231 171 1296 R.
195 1232 270 1291 Cim
285 1233 499 1292 Sacramentum
521 1235 559 1293 sit
575 1233 761 1314 compositum
784 1234 899 1304 morale,
921 1231 1025 1293 sufficit

92 1313 179 1373 etiam
202 1313 328 1374 simultas
349 1313 480 1386 moralis;
502 1315 604 1394 excipe
623 1321 720 1374 temen
734 1316 946 1374 Sacramentum
962 1315 1023 1374 Eu·

92 1394 239 1469 cucusum,
277 1395 305 1453 iu
331 1412 386 1473 quo
408 1395 554 1475 requiritur
579 1395 706 1455 simultas
732 1395 873 1476 physicas
899 1397 966 1474 quia
993 1397 1024 1454 in

93 1473 178 1554 hujus
191 1472 363 1535 confectione
377 1478 540 1555 pmnomina
551 1477 607 1537 doc
616 1482 646 1536 et
656 1475 706 1536 tu
719 1475 916 1546 demonstrent,
934 1482 1023 1536 mate-

92 1558 171 1698 ‘uuaz¹
176 1574 235 1616 essa
247 1564 412 1636 presentem
425 1575 462 1615 eo
474 1565 607 1638 ternpore,
630 1568 685 1638 quo
697 1557 782 1618 verba
797 1555 973 1638 pmferuntur
985 1556 1023 1618 ab

91 1638 131 1698 mi
313 1680 316 1689 -

133 1717 169 1778 In
202 1737 238 1780 uo
246 1718 378 1778 >consistit
388 1715 437 1778 itte
449 1715 575 1781 simultas
589 1718 724 1780 moralis?
1017 1769 1023 1780 ,

130 1798 173 1859 11.
183 1738 234 1858 it
266 1797 353 1872 Quod
372 1797 463 1878 juxta
480 1818 657 1861 communem
680 1800 917 1860 existimationem
937 1799 1024 1861 verba

92 1875 190 1941 terme
204 1880 380 1941 verificentur
393 1877 542 1940 afficiendo
555 1882 701 1941 materiam
715 1882 890 1942 sacrementi
898 1885 1032 1962 quacum,

91 1962 149 2020 unt
168 1969 200 2021 et
218 1958 388 2041 conjunctim
410 1963 578 2023 constituant
594 1981 682 2023 unum
695 1963 781 2026 totale
795 1964 906 2042 signum
920 1963 1023 2023 Sacra·

89 2041 231 2104 nrentale:
251 2043 318 2104 irinc
334 2041 396 2100 hec
413 2040 540 2102 simultas
559 2043 671 2104 moralia
690 2043 795 2104 diversa
808 2050 851 2105 est
864 2046 894 2103 in
909 2043 1025 2104 diversis

92 2123 283 2186 Secmmentis
302 2122 391 2202 juxta
414 2121 551 2202 cujusque
573 2123 746 2185 Sacramenti
768 2132 917 2186 naturam:
960 2124 1023 2185 111'.

92 2203 167 2265 unde
190 2202 403 2266 Sacramentum
426 2204 603 2264 Poenitentia
620 2224 675 2264 uon
698 2207 789 2284 exigit
810 2212 869 2266 tem
891 2206 1023 2267 strictam

91 2286 240 2362 unioncm3
262 2289 329 2368 quia
347 2284 507 2363 institutum
529 2292 572 2366 est
592 2305 642 2366 per
662 2283 895 2364 modumjudioii,
914 2288 943 2346 in
965 2292 1028 2368 quo

88 2369 224 2428 muntia
236 2376 294 2430 nou
313 2378 425 2446 semper
439 2367 534 2426 stetim
546 2369 670 2447 sequitur
681 2386 773 2427 causae
785 2387 921 2440 examen:
934 2367 1022 2429 unde

89 2455 181 2527 potest
193 2453 254 2528 quis
265 2456 327 2531 post
337 2447 432 2527 plures
446 2446 515 2518 dice,
537 2467 564 2508 v.
583 2466 610 2528 g.
626 2447 807 2508 confessionis
820 2448 957 2527 generalis
969 2448 1029 2508 ab:

87 2527 165 2604 salvi,
176 2529 271 2603 ‘modd
285 2527 478 2591 Confessarius
491 2529 610 2588 redueat
622 2528 715 2588 ideam
735 2528 826 2589 statuis
839 2529 1019 2609 penitentia:

88 2607 145 2668 IV.
164 2611 193 2670 in
207 2611 389 2672 Sacramento
408 2606 593 2682 Matrimonii,
615 2609 691 2687 quod
712 2607 848 2671 fundetur
866 2609 897 2669 in
918 2617 1021 2672 namra

89 2690 262 2768 annuamus,
278 2692 355 2752 idem
368 2689 488 2750 obtinet.
876 2726 878 2731 ·
1025 2744 1028 2751 .

129 2770 168 2834 V.
195 2772 242 2833 De
255 2772 438 2834 Eucharistia
447 2769 552 2830 dictum
566 2780 610 2833 est
622 2770 702 2832 initio
714 2771 800 2851 hujus
815 2771 905 2831 Num.
920 2771 949 2830 in
964 2791 1019 2831 ca·

88 2853 153 2913 teris
164 2863 284 2934 quatuor
296 2854 485 2915 Sacramentie
499 2853 616 2913 materia
630 2863 659 2915 et
672 2853 762 2913 forma
776 2850 861 2912 debet
871 2871 930 2911 esse
939 2853 1019 2932 quasi

87 2935 170 2995 simul
184 2943 242 2994 tem
264 2956 331 3009 ore;
350 2933 419 2995 edm
438 2952 536 2992 eorum
549 2932 639 2995 forma
651 2935 788 3014 significet
801 2932 944 2994 actualem
958 2934 1026 2993 mae*

88 3016 165 3075 carie
187 2955 405 3096 appdieationem
427 3015 456 3074 iu
478 3017 617 3096 prasenti,
637 3024 667 3078 at
681 3017 836 3077 consistant
853 3015 883 3074 ia
905 3016 1020 3076 catione

87 3101 258 3158 uameunte.
424 3134 429 3141 ·
862 3130 864 3135 ·
931 3108 934 3114 ’
1005 3130 1025 3137 ··

127 3177 205 3241 Quia
216 3185 311 3237 tamen
327 3174 467 3236 moraliter
481 3173 621 3256 loquendo
634 3181 745 3257 tempus
757 3195 878 3256 presens
891 3173 1020 3238 admittit

85 3256 208 3336 aliquam
220 3250 405 3329 latitudinem,
415 3255 481 3318 ideo
491 3256 615 3339 plerique
622 3259 713 3320 verius
726 3257 902 3332 arbitrantur,
916 3255 1025 3318 confici

86 3339 309 3410 Sacramentum,
331 3338 400 3399 liciat
421 3358 456 3397 aa
478 3357 535 3396 aon
555 3339 626 3400 fient
648 3340 764 3400 omniuo
786 3339 884 3400 simul:
904 3359 929 3398 v.
943 3357 971 3416 g.
994 3339 1019 3399 si

88 3418 221 3560 Mlinister
236 3420 370 3560 Baffiismi
382 3427 448 3500 post
461 3416 633 3481 ablutionem
648 3440 717 3482 mox
727 3420 848 3481 diceret:
876 3422 896 3455 ‘⁸
911 3420 973 3499 Ego
986 3427 1020 3479 tc

86 3506 118 3548 ‘t
176 3499 261 3572 tino,'’
312 3520 336 3559 c.
470 3538 473 3543 -
694 3536 697 3543 ·

123 3581 153 3641 V
172 3586 188 3640 .’
201 3580 367 3642 Notandum
391 3588 486 3641 tamen
510 3581 539 3640 in
562 3582 643 3662 praxi
658 3601 708 3663 pro
721 3581 766 3643 his
778 3590 900 3662 quatuor
914 3581 1028 3641 Sacra·-

85 3665 197 3736 ruentis5
214 3664 345 3724 tutiorem
368 3670 399 3725 et
417 3672 620 3744 cousequenter
640 3683 700 3724 essa
721 3663 895 3745 sequendam
918 3680 1016 3722 eorum

73 3746 254 3822 metentium,
275 3746 325 3826 qui
345 3741 451 3824 dicunt,
470 3743 582 3809 illorum
602 3745 848 3810 Sacramentomm
866 3744 1015 3808 materiam
