2130 3990
322 188 363 230 oa
390 184 602 230 accusamus.
889 168 948 231 341

63 426 123 489 60.
139 430 425 494 QUANDONAM
455 433 646 493 OBLIGET
670 433 946 498 PRAEcaPTUM

107 535 478 600 ECCLESIASTICUM
509 537 856 601 COMItiUNiONIS?

48 740 236 823 Praeceptum
251 741 388 802 Ecclesia
411 745 547 821 importat
570 763 697 816 osannam
716 742 950 805 communionem

48 824 99 883 11.
118 827 258 903 Tempore
279 823 432 884 Poscholz'.
473 824 528 882 111.
552 825 677 888 Quinem
691 828 948 884 communicantia

48 904 215 976 Paschae,
259 905 314 964 IV.
338 903 452 963 Debent
462 905 516 965 sub
537 910 629 982 grooi
661 905 700 966 V.
720 907 950 984 Quamprimum

48 990 281 1054 communicare,
304 985 360 1044 Vl.
376 986 460 1046 Licet
472 990 552 1045 iutro
562 1008 669 1045 coenum
681 989 950 1047 communicassent.

48 1066 130 1128 VII.
168 1069 329 1127 Providens
365 1068 601 1147 impedimentum
635 1077 761 1146 tempore
796 1065 948 1136 Poscioii,

48 1147 147 1208 VIII.
164 1150 293 1209 Tenetur
299 1150 463 1227 prevenire.
504 1148 558 1209 IX.
586 1148 671 1207 Licet
684 1159 778 1209 tomen
794 1147 876 1219 iustu
897 1170 950 1208 on-

48 1249 126 1289 nam
136 1233 384 1290 communicasset.
406 1228 444 1288 X.
455 1227 496 1287 Et
504 1231 702 1307 impedimento
710 1229 837 1302 sublato,
846 1233 947 1291 uerum

49 1331 278 1393 oommuozcore.

48 1517 82 1576 ·1.
93 1515 188 1576 Rosa
197 1515 313 1594 Obligat
319 1515 356 1577 ad
365 1518 631 1578 communicandum
641 1516 756 1595 singuiis
765 1517 853 1587 annis,
864 1514 952 1595 idque

72 1597 231 1663 Paschetc:
259 1597 398 1677 “incipit
424 1608 520 1657 autem
546 1598 655 1657 Pascha
683 1598 790 1677 (inquit
816 1599 951 1675 Synodus

48 1679 143 1737 moda
157 1680 235 1739 Prov.
261 1679 370 1737 Mechi
384 1682 428 1738 tit.
453 1677 482 1736 7.
496 1700 559 1757 cap.
576 1679 618 1755 5.)
634 1680 669 1738 ad
684 1679 760 1737 hunc
774 1678 907 1738 effectum
919 1679 949 1736 iu

48 1763 171 1820 ominica
197 1761 370 1833 Palmarum,
391 1770 419 1821 et
444 1760 526 1819 durat
549 1780 638 1840 usqne
664 1760 701 1820 ed
717 1762 900 1820 Dominicam
916 1761 947 1817 in

48 1840 101 1901 ibis
113 1842 277 1900 inclusive.”

52 1920 103 1981 Ita
128 1922 183 1982 fert
203 1922 376 1982 consuetudo
401 1921 476 2002 apud
491 1943 552 1990 noe,
580 1922 645 1982 licet
657 1924 686 1980 in
700 1919 866 1999 quibusdem
882 1919 950 1981 locis

48 2022 127 2082 mpne
136 2003 275 2063 Paschale
288 2004 325 2063 nd
339 2004 415 2064 hunc
429 2004 561 2063 effectum
574 2001 657 2063 iatius
670 2002 848 2062 extendatur.

54 2083 97 2144 11.
112 2085 196 2148 Unde
210 2086 337 2154 observa,
366 2083 442 2161 quod
454 2085 522 2143 iliud
539 2096 712 2164 praeceptum
725 2086 814 2162 reipsa
828 2082 884 2142 duo
897 2086 948 2143 im-

48 2175 124 2226 otet:
155 2169 195 2224 1⁰·
208 2174 240 2227 ut
254 2167 289 2226 ad
301 2169 394 2225 minus
408 2167 493 2224 semel
507 2169 535 2224 in
546 2185 621 2224 enno
636 2167 863 2224 communicetur.
907 2164 947 2221 θ’·

48 2256 57 2305 t
83 2248 133 2306 illa
160 2251 320 2307 communio
348 2248 397 2307 fiat
424 2257 552 2325 tempere
579 2245 728 2305 Peschnli:
745 2254 807 2303 tum
821 2246 949 2322 quiaiiio

48 2349 141 2408 mpore
162 2329 287 2389 Christus
311 2329 365 2387 hoc
388 2329 601 2387 Sacramentum
624 2329 753 2393 instituit,
776 2334 805 2383 et
830 2338 949 2385 mortem

50 2409 112 2483 biit,
136 2410 216 2489 cujus
229 2419 271 2470 est
286 2409 461 2478 memoriale;
490 2419 552 2467 tum
566 2418 599 2466 ut
619 2409 750 2466 Pastores
763 2405 866 2466 melius
879 2409 949 2466 invi·

48 2490 101 2549 iare
113 2493 226 2570 possint,
252 2511 287 2548 an
301 2510 398 2548 omnes
413 2510 508 2549 eorum
521 2489 625 2548 subditi
638 2489 705 2547 huic
717 2498 858 2568 praecepto
872 2491 950 2547 satis·

48 2574 130 2631 ciant.
176 2572 254 2631 Hinc
277 2575 323 2650 qui
337 2575 621 2630 communicentante
635 2571 806 2650 quindenam
823 2568 945 2628 Pascha-

48 2672 78 2723 n,
93 2652 198 2712 debent
210 2656 312 2711 iterum
326 2655 353 2711 in
368 2653 418 2710 ilia
431 2655 646 2712 communicare.

55 2735 102 2792 An
113 2734 161 2793 ilie
169 2738 228 2792 eive
237 2735 285 2812 qui
293 2731 477 2812 culpabiliter,
492 2735 610 2792 sivenoo
622 2732 800 2811 culpabiliter
808 2751 863 2790 non
872 2750 947 2789 oom-

48 2816 170 2875 micavit
183 2820 210 2875 in
228 2814 372 2887 Paschate,
386 2812 419 2872 fit
432 2815 502 2873 iiber
512 2817 530 2873 a
539 2821 678 2894 praeoepto
687 2811 819 2891 usquead
830 2830 948 2889 sequens

48 2895 149 2955 acha?

53 2975 113 3035 111.
129 2975 167 3039 R.
199 2976 353 3054 Negntiva3
370 2978 446 3054 quie,
473 2984 506 3032 ut
528 2996 592 3036 mox
605 2975 714 3034 dictum
739 2981 789 3046 est,
809 2973 945 3048 Ecclesiae

48 3067 191 3137 acceptum
204 3055 260 3116 duo
274 3060 419 3136 imponam
434 3065 462 3115 et
482 3059 595 3136 quidem
610 3057 714 3116 directe
728 3056 804 3114 cadit
816 3055 845 3112 in
859 3060 949 3136 ipsam

48 3142 261 3207 immunionem,
281 3150 310 3198 et
322 3138 482 3197 secundario
496 3139 607 3197 tantum
621 3140 648 3197 in
664 3138 720 3197 hoc
739 3138 782 3196 vei
795 3137 864 3195 iilud
879 3147 949 3196 tem·

50 3242 64 3278 s
77 3241 84 3276 t
107 3241 172 3299 ergo
186 3220 254 3279 licet
267 3229 393 3299 tempore
407 3220 510 3298 elapso,
536 3228 703 3301 praeceptum
726 3217 819 3298 quoad
832 3220 948 3277 circnm-

48 3304 149 3361 otiam
174 3304 301 3380 temporis
320 3301 428 3381 impleri
451 3321 507 3359 non
521 3304 615 3381 possit,
641 3300 734 3380 quoad
749 3302 837 3379 ipsam
852 3309 949 3359 temen

48 3432 51 3440 .
65 3383 254 3442 substantiam
267 3382 377 3460 impleri
390 3382 481 3440 debet.

52 3463 110 3524 IV.
127 3464 213 3525 Unde
228 3463 348 3542 practice
362 3463 523 3532 dicendum,
542 3463 617 3540 quiid
632 3465 694 3521 iniis
706 3469 807 3540 augeat
819 3464 950 3522 continuo

48 3565 96 3603 um
120 3555 268 3624 peccatum
293 3544 456 3617 omissionis,
484 3544 617 3622 quamdiu
644 3544 755 3602 ulterius
782 3541 876 3602 differt
888 3546 950 3602 sine

48 3636 90 3686 sta
105 3647 204 3693 causa,
230 3632 258 3685 et
271 3634 476 3703 consequenter
489 3628 518 3683 in
533 3623 710 3684 confessione
724 3624 843 3702 desuper
857 3631 899 3683 est
908 3626 950 3683 iu·
