2130 3990
75 139 137 203 tut
415 190 422 201 .
452 154 655 225 amorreus·

120 300 284 361 Notandum
299 300 374 359 eirca
386 299 522 379 predicta
533 304 638 371 omnia,
662 302 776 363 scilicet
789 299 907 373 altaria,
927 310 1016 374 vata,

78 381 135 443 dte.
156 382 230 461 qudd
251 380 425 461 probabilius
444 403 497 442 non
518 394 713 449 consecrantum
734 394 789 450 eut
818 382 1018 447 benedicantur
1055 426 1057 459 ἱ

79 466 141 540 ipso
156 484 216 534 usu,
237 461 289 523 sed
301 468 412 521 tantum
426 464 480 522 ritu
493 474 523 522 et
535 466 708 523 ceremoniis
722 465 760 529 ab
793 465 934 525 Ecclesia
954 484 1017 545 pr*

78 546 132 605 scri
151 546 198 605 tis.

121 566 169 685 rin
185 626 278 684 Missa
290 626 376 703 possit
388 624 520 685 celebrari
532 628 561 685 iu
575 626 673 703 lingua
685 624 824 704 vulgari?
973 680 976 685 .

122 705 161 766 V.
185 707 223 766 R.
239 705 389 765 Celebrate
403 706 522 765 Missam
536 710 564 767 in
578 706 673 784 lingua
686 707 797 784 vulgari
811 726 872 767 uon
885 715 1019 786 estpars

82 788 208 847 malum:
235 787 447 867 particularibus
473 788 596 867 pluribus
610 801 704 847 tamen
720 800 750 853 et
767 787 858 867 justis
872 787 912 847 de
937 793 1017 851 canit

84 866 220 929 Ecclesia
234 868 375 947 probibuit
387 868 485 927 Missa
504 869 720 929 celebrationem
735 871 765 931 iu
794 870 899 946 lingua
911 869 1015 949 vulgari,

79 950 151 1029 puta
164 950 238 1028 quod
254 969 291 1007 ex
303 949 458 1027 linguarum
468 950 626 1009 diversitate
652 950 800 1009 tolleretur
829 949 1016 1011 Ecclcsiemm

81 1031 300 1089 communicatio
315 1051 322 1087 ι
344 1030 417 1109 quod
432 1034 532 1109 cuique
546 1030 619 1110 pene
632 1032 736 1097 civitati
750 1031 909 1109 peculiaris
921 1034 958 1093 sir
969 1030 1016 1093 lin·

80 1129 148 1189 gua,
164 1123 194 1169 ct
219 1110 374 1169 labentibus
387 1114 467 1169 annis
479 1122 600 1171 mutetur
622 1111 737 1179 idioma,
759 1114 863 1189 sicque
875 1132 954 1191 stepo
966 1116 1011 1173 itu·

81 1192 220 1250 mutanda
232 1191 323 1250 forent
339 1191 423 1251 verbe
436 1190 684 1272 Sacrificii3‘qudd
705 1193 868 1269 perieulum
884 1192 967 1263 foret,
985 1215 1012 1253 nt

79 1272 161 1348 multi
174 1273 261 1333 uerbis
286 1273 468 1331 abuterentur
492 1273 531 1331 ad
544 1273 677 1351 profanos
702 1293 869 1344 sermonen
892 1274 1010 1351 quodie

82 1352 173 1429 Missa
186 1354 276 1423 multa
287 1356 344 1413 siut
355 1354 498 1413 intellectu
511 1353 644 1424 difficilia,
660 1353 737 1413 unde
747 1357 934 1431 contingeret
946 1354 1011 1432 quod

81 1435 164 1494 multi
178 1433 260 1495 verba
271 1433 420 1493 audientes
433 1446 462 1495 et
472 1455 529 1493 non
540 1435 726 1512 intelligentes
738 1434 913 1513 effingerent
925 1457 1011 1499 sanarit

81 1520 205 1574 exoticos
225 1515 384 1593 irrisorqu03
405 1514 641 1595 quemadmodum
666 1535 704 1583 ex
727 1514 853 1577 lectione
867 1518 1011 1595 Scriptura

80 1614 176 1670 same,
197 1618 258 1676 quae
272 1597 336 1655 ideo
349 1617 404 1655 nou
419 1596 547 1655 omnibus
558 1596 715 1676 promiscue
730 1598 920 1675 permittitur.

123 1677 170 1735 An
191 1680 218 1735 in
234 1676 423 1737 celebratione
448 1679 547 1737 Missae
571 1681 723 1757 requiratur
737 1678 882 1749 Minister,
906 1679 1010 1758 quiSa·

82 1757 187 1816 cerdati
199 1761 327 1816 inserviat
341 1768 370 1816 et
383 1757 570 1837 respondeat?

86 1900 89 1905 ,
123 1837 177 1898 VI.
202 1840 239 1898 tt.
254 1836 437 1911 Affirmativb,
451 1838 535 1918 idque
548 1839 601 1897 sub
612 1840 696 1919 gravi,
718 1840 770 1898 nisi
783 1841 878 1919 gravis
888 1838 1012 1918 quadam

81 1923 232 1979 necessitas
245 1927 380 1992 excuset;
403 1922 469 2009 quia
481 1920 617 1979 Sacerdos
631 1920 782 1999 aliquando
796 1921 936 2000 populum
949 1920 1011 1981 fide·

82 1998 138 2059 lem
154 2000 321 2079 alloquitur:
343 2020 408 2078 ergo
431 2000 518 2060 debet
531 2021 590 2060 esso
613 2004 763 2080 quispiam,
784 2004 834 2080 qui
849 2001 1012 2080 respondet:

83 2081 186 2141 deinde
201 2082 284 2140 debet
295 2102 355 2140 esse
369 2083 527 2149 ministrans
539 2082 575 2141 ad
598 2082 769 2142 ablutionem
782 2102 923 2141 manuum
937 2092 965 2145 et
976 2082 1013 2143 di-

111 2173 212 2223 torum.

82 2182 109 2240 ΕΙ
124 2245 158 2303 In
173 2248 246 2323 gravi
263 2253 355 2303 tamen
370 2245 535 2303 necessitate
547 2243 644 2303 liceret
654 2244 716 2303 sine
727 2243 856 2303 Ministro
865 2243 1013 2320 celebrare,

82 2325 192 2404 sibique
206 2326 381 2400 respondere,
394 2333 427 2382 ut
440 2327 465 2382 si
479 2345 505 2382 v.
519 2345 546 2402 g.
560 2344 631 2403 opus
644 2328 681 2383 sit
695 2327 851 2383 ministrare
867 2324 1013 2389 Viaticum

82 2407 214 2476 infirmo;
237 2411 259 2464 si
273 2406 395 2485 alioquin
410 2405 490 2484 plebs
505 2426 558 2463 nou
570 2406 630 2465 siue
644 2425 748 2482 magna
758 2404 915 2464 emisione
928 2409 1012 2485 priva·

82 2497 156 2545 retur
171 2488 266 2555 Missa,
282 2489 303 2544 si
319 2495 384 2565 post
397 2489 539 2565 inceptam
551 2489 649 2545 saltem
663 2486 825 2545 notabiliter
841 2487 963 2547 Missam
972 2508 1012 2549 re·

82 2567 194 2627 cederet
207 2570 374 2627 niinietrans.

125 2648 194 2707 Vll.
219 2649 351 2707 Minister
373 2648 422 2707 ille
436 2647 521 2706 debet
534 2667 593 2706 esse
619 2645 869 2726 masculus,ju1tc
893 2647 1012 2709 rubriore

83 2728 191 2787 Missal.
201 2731 284 2787 Rom.
299 2739 328 2787 et
339 2750 403 2808 cap.
418 2728 639 2799 laurenrentio,
655 2728 704 2788 lib
714 2727 744 2787 3.
760 2729 1013 2791 Dictaturam

81 2820 122 2879 ut,
142 2811 297 2868 seeundum
312 2815 384 2888 quod
399 2809 541 2868 Autbores
552 2813 649 2869 dieunt
662 2812 853 2884 communiter,
873 2813 905 2869 iu
919 2830 1010 2871 necet·

80 2894 163 2948 nitate
177 2892 269 2969 potiris
283 2903 356 2950 osset
380 2890 576 2949 celebrandum
598 2891 817 2962 sinemurum,
838 2893 928 2969 quam
951 2911 1012 2951 curn

81 2974 252 3051 ministrante
267 2971 381 3041 femina,
403 2972 479 3051 quod
501 2975 584 3030 etiam
612 2971 648 3031 ad
674 2971 814 3031 Monialee
827 2983 856 3031 et
876 2971 1010 3053 Begginm

80 3052 305 3123 extendendum.
1010 3100 1013 3105 .

125 3134 298 3192 Permittitur
310 3143 415 3199 tamen,
436 3142 477 3205 ut,
497 3134 646 3193 deficiente
661 3133 792 3204 musculo,
805 3131 939 3193 feminae
951 3132 1009 3194 loco

81 3214 177 3281 dissito
190 3214 357 3291 respondeat
365 3213 535 3288 celebranti,
543 3218 617 3272 sicut
625 3213 734 3273 faciunt
748 3215 893 3274 Mouiales
906 3215 925 3275 ὁ
936 3214 1009 3273 Cho·

81 3316 111 3355 ro
125 3297 333 3373 respondentes,
353 3295 505 3353 Sacerdote
517 3295 570 3354 sibi
582 3298 637 3374 ipsi
649 3297 745 3355 viuum
758 3305 903 3373 alequam
919 3298 1010 3357 minis·

78 3386 177 3441 trente,
202 3398 235 3434 ao
248 3376 347 3435 librum
360 3376 395 3434 de
410 3396 466 3434 uno
480 3377 569 3434 latere
581 3376 618 3435 ad
632 3376 710 3436 aliud
722 3377 873 3436 deferente.

121 3458 166 3515 An
183 3458 328 3517 Sacerdoti
339 3457 678 3538 licetMissaminceptam
689 3463 906 3538 interrumpere,
917 3464 1012 3540 posta

80 3536 306 3618 perficiendam?
