2130 3990
79 156 138 227 172
460 172 636 219 emesenus

79 319 119 378 N.
152 319 197 378 17.
229 318 288 378 ΒΕ
310 315 653 378 COMPARATIONE
676 315 836 380 HORUM
859 316 991 382 TRIUR

374 398 697 461 BAPTiSMATUM.

241 648 244 655 Ι
308 559 457 621 &Tiona
473 570 567 641 queat.
583 561 631 619 66.
653 571 708 621 art.
727 559 774 622 12.
793 516 797 525 1

79 722 104 782 1.
122 721 346 784 Consentiorum
361 720 466 799 efflatu
473 721 644 801 princepale
675 722 716 783 ΙΙ
733 721 915 802 Differunt
901 742 991 783 runo

117 803 155 863 do
168 805 325 875 causandi.
345 804 401 863 ΙΙΙ.
416 805 457 863 Ει
470 803 690 884 quoodulsquos
702 803 829 883 effetatus.
854 803 911 864 IV.
926 804 991 884 Bop

117 889 223 944 tremus
236 885 389 964 Sanguinis
397 893 524 963 prostat
538 889 655 945 caterua

117 1046 143 1104 1.
159 1046 197 1104 Iu
212 1065 268 1123 quo
281 1047 451 1106 conveniunt
461 1046 504 1106 illi
518 1054 572 1106 tres
587 1006 746 1127 Baptismi?

119 1126 158 1185 R.
181 1127 369 1187 solummodo
381 1127 476 1223 quoad
489 1127 620 1187 effectum
634 1128 815 1208 principalem
829 1127 991 1187 Sacramenti

78 1207 225 1284 Baptismi,
246 1209 353 1269 seilicet
373 1211 562 1268 remissionem
586 1218 771 1288 peccatorum,
784 1217 813 1269 et
833 1207 991 1269 infusionem

75 1291 178 1366 gratie.

119 1369 258 1438 Quanam
272 1377 317 1431 est
328 1370 476 1431 interillos
489 1369 666 1431 differentia?

118 1450 158 1508 11
166 1451 203 1510 R
214 1451 449 1529 Imprimispanes
457 1451 574 1511 modum
582 1448 884 1512 eonferendieffaetus:
896 1450 992 1533 Baptis

77 1551 140 1591 mus
161 1535 237 1591 euim
257 1530 390 1591 fluminis
396 1553 458 1592 suos
478 1531 595 1592 effaetus
607 1538 704 1593 causat
721 1553 758 1590 ax
771 1552 858 1611 opera
870 1541 990 1611 operato:

79 1613 239 1693 Baptismus
248 1614 436 1673 ¹iiaminisnon
450 1616 552 1675 nisiex
565 1633 647 1694 opere
657 1616 814 1694 operantis:
840 1614 991 1691 Baptismus

77 1706 127 1753 aut
129 1714 173 1752 em
194 1696 335 1772 sanguinis
355 1693 399 1772 (et
419 1697 571 1771 generatim
592 1694 788 1774 quodcumque
814 1693 989 1773 Martyrium)

77 1795 133 1833 non
137 1775 260 1875 “qnidam
275 1795 313 1835 ex
328 1777 424 1834 stricto
446 1794 533 1854 opere
552 1785 676 1855 operato,
693 1776 743 1836 sod
767 1776 847 1835 Deus
869 1774 987 1835 effaetum

77 1857 150 1914 stati
165 1856 241 1934 Lege
254 1864 386 1950 operatur
405 1858 510 1915 intuitu
524 1858 623 1936 operis,
635 1876 684 1915 seu
699 1855 774 1916 ad
749 1876 813 1935 epus
825 1855 985 1937 positionem,

77 1945 108 1995 ut
120 1937 196 2003 olim·
201 1937 309 1996 fiebat
302 1956 332 1999 ιιι
351 1938 578 1997 circumcisione:
599 1937 676 1996 unde
694 1938 808 2017 Sylvius
828 1935 937 1996 mavult
954 1936 984 1997 di·

76 2016 348 2090 cere,affeottrm1n
373 2016 509 2097 Martyria
533 2018 591 2076 dari
613 2038 651 2076 ex
672 2038 756 2099 opero
769 2026 895 2100 operato,
915 2019 984 2097 quin

79 2060 246 2178 Maityrium
260 2118 299 2157 ex
314 2118 396 2177 opero
408 2109 521 2178 operato
536 2119 600 2157 eum
615 2098 748 2162 conferre.

116 2180 151 2238 ln
176 2179 278 2238 adultis
298 2179 471 2258 Martyrium
494 2181 581 2240 etiam
605 2178 676 2241 valet
694 2201 732 2240 ax
755 2199 839 2260 opere
852 2181 984 2261 operantu

72 2262 152 2319 sicut.
155 2261 205 2323 aiii
216 2262 350 2321 virtutum
362 2269 449 2321 aetus.

118 2341 175 2400 111.
199 2340 311 2401 Deinde
322 2341 406 2399 stiam
421 2340 554 2400 differunt
567 2341 608 2401 illi
620 2351 676 2401 tres
691 2341 829 2421 Baptismi
841 2342 935 2422 quoad
946 2342 983 2403 ut

74 2441 144 2498 qnos
167 2420 298 2483 effaetus:
319 2426 349 2479 et
369 2423 409 2487 sio
432 2421 547 2481 effaetus
570 2424 698 2502 specialis
717 2425 864 2499 Baptismo
877 2423 983 2484 fluminis

74 2520 92 2580 p
97 2522 131 2560 rae
145 2502 206 2561 aliis
218 2508 261 2561 ost
273 2501 366 2581 gratia
377 2505 585 2562 santamentalis
598 2513 627 2561 et
640 2505 792 2565 character.

116 2583 259 2661 Baptismo
279 2604 347 2659 san„
331 2583 421 2641 ‹ruinis
445 2583 489 2661 (et
506 2587 674 2664 cuicumque
689 2586 846 2664 Martyria)
871 2586 985 2683 spsoisiis

76 2672 119 2722 est
133 2664 253 2736 aureola.
274 2671 302 2723 et
315 2662 404 2740 major
418 2662 591 2723 abundantia
603 2667 706 2742 gratis.

117 2746 232 2824 insuper
255 2744 417 2824 Baptismus
439 2745 563 2805 flaminis
586 2755 616 2804 et
628 2749 769 2825 sangsuinis
783 2766 839 2825 prae
854 2745 985 2827 Baptistae

73 2827 196 2886 flaminis
209 2825 324 2901 habent,
344 2825 421 2903 quod
435 2829 519 2886 etiam
541 2829 683 2889 remittant
694 2847 808 2891 omnem
822 2848 945 2906 poenam,
961 2838 987 2887 ut

60 2908 211 2967 ¹videbitur
224 2907 347 2967 infredo
362 2906 506 2987 Baptismo
520 2907 653 2977 fluminis,
668 2918 698 2967 at
716 2907 752 2967 de
776 2908 837 2988 Bap
840 2912 921 2969 tiemo
933 2930 986 2969 san·

73 2990 165 3066 guinis
178 2987 263 3048 habat
276 2987 396 3047 traditio.
440 2988 519 3047 Hinc
531 2988 600 3049 illud
613 2989 708 3067 vulgat
708 3010 755 3047 um
771 2989 988 3068 desumptumsx

74 3072 106 3129 S
128 3068 304 3146 Augustino.
329 3068 477 3148 Injurium
490 3071 576 3147 sunit
602 3069 743 3146 Marmei,
775 3073 825 3149 qui
852 3080 918 3132 orat
939 3092 989 3151 pra

75 3152 221 3227 Martyre.
272 3148 432 3228 Baptismus
457 3151 579 3210 flaminis
604 3162 709 3224 autam,
730 3155 856 3231 quamvis
876 3155 990 3212 remittat

74 3252 187 3311 poenam
200 3240 342 3302 uternam
364 3250 421 3288 non
435 3239 530 3289 tamen
530 3251 649 3311 semper
669 3196 742 3301 toilit
753 3252 867 3292 omnem
886 3253 991 3314 poenam

73 3314 266 3390 temporalem.

115 3396 253 3463 Quisnam
268 3413 304 3451 ox
319 3393 420 3472 triplici
433 3392 480 3451 iilo
495 3392 576 3472 Bapt
568 3413 638 3452 rsmo
651 3402 693 3452 est
707 3396 882 3474 potissimus?

116 3473 170 3532 IV.
188 3475 225 3532 R.
243 3474 991 3556 Baptismusflaminisordinaestinfimussimpiioitsr;

73 3566 103 3615 et
116 3557 242 3635 quamvis
258 3556 418 3634 Baptismus
431 3555 554 3614 fluminis
563 3575 619 3635 prae
633 3561 735 3616 oaeteris
746 3557 850 3618 habeat
859 3562 991 3619 rationem

73 3638 258 3705 sacramenti,
279 3634 334 3695 &a
360 3637 488 3696 omnibus
509 3646 599 3696 teman
621 3641 742 3712 attentis,
762 3648 873 3718 praestat
891 3643 991 3701 eaten‘s

74 3718 235 3797 Baptismus
254 3719 392 3794 sanguinis
412 3721 518 3776 ratione
548 3684 757 3778 abundantioris
778 3731 807 3778 et
826 3719 991 3799 perfectioris

17 3800 286 3863 confirmationis
300 3818 367 3861 cum
382 3798 546 3862 Passions
529 3799 639 3862 “tn-'uti
683 3799 804 3862 Vides
817 3801 925 3864 Thura
