2130 3990
108 184 164 251 106
352 236 357 245 .
497 201 674 249 macareus
733 207 735 211 ·

106 350 147 412 N.
178 349 227 412 28.
257 342 536 421 QUANDONAM
558 344 850 409 sacrantem
869 342 1025 409 CONFE·

311 428 431 490 RANT
451 429 556 493 SUOS
577 427 821 492 EFFECTUS?
1054 436 1064 475 i.

106 588 131 652 1.
154 585 223 648 Nan
237 588 324 651 datur
336 589 458 669 effectas
472 591 735 653 Sacramenttante
744 584 840 671 epona
855 587 1024 651 Sacrame-
1052 570 1057 691 f

144 677 213 732 tun.
235 669 276 731 11.
302 671 460 734 character
471 674 570 732 natm
579 675 676 732 datur.
703 671 760 733 nt
775 672 883 732 Grate'a
896 666 1024 733 actuales

128 769 199 812 auo
219 757 352 831 tenpore.
396 752 452 813 lV.
476 753 534 812 Sed
557 758 659 815 atatim
676 754 735 835 jac
756 752 798 814 ad
807 750 884 813 illes.
927 749 968 812 V·
986 747 1024 813 Et
1062 755 1065 758 ’

144 833 623 912 moagratr'ctabr'taalr'aperae.
896 840 899 845 '

144 992 169 1053 1.
192 992 453 1071 Percennione,
472 995 547 1075 qabd
568 996 752 1058 Sacramenta
773 1011 917 1074 nunqnam
931 991 1021 1054 conte·

103 1081 167 1136 rant
191 1095 254 1136 suos
279 1075 394 1138 effectus
421 1097 458 1136 ex
484 1095 569 1159 opere
593 1085 715 1157 operato,
746 1080 898 1154 antequam
917 1073 1022 1136 realiter
1053 1092 1058 1151 p

102 1155 301 1296 anappum?
321 1158 389 1255 quia
402 1157 715 1298 Pmfflsswtlgm
730 1156 905 1296 summopi
916 1163 1023 1251 nouat
1051 1156 1054 1161 '

104 1255 123 1296 a
290 1258 307 1298 c
358 1257 493 1298 narrar
620 1258 655 1297 en
687 1255 838 1298 rumeusoe
880 1255 939 1297 oni.
1062 1291 1065 1294 .

144 1315 266 1378 Proinde
289 1243 345 1379 hlb’
362 1319 491 1379 voluntas
509 1318 614 1379 efficax
636 1339 693 1379 non
716 1256 915 1397 habetarppro
941 1315 1021 1389 tato,

103 1398 228 1475 quemvis
245 1398 332 1459 etiam
353 1403 505 1460 necessitas
530 1399 636 1461 factum
659 1399 831 1471 excluderet,
844 1405 882 1456 ‚ut
900 1404 981 1478 petet
995 1399 1022 1459 iu

101 1476 266 1539 moribundo
287 1478 409 1541 habente
435 1481 624 1542 contritionem
647 1479 839 1561 imperfectam
868 1497 936 1539 cum
962 1485 1023 1539 voto
1051 1482 1054 1489 '

103 1557 279 1620 sacramenti
293 1560 468 1621 Paenitentia
481 1568 600 1622 tantam.
972 1606 975 1610 -
1054 1568 1060 1573 '

118 1640 216 1778 'dep
230 1638 382 1781 hiczpbiioi
396 1651 513 1722 possunt
531 1642 568 1702 de
588 1643 771 1703 Sacramenta
783 1643 812 1703 in
826 1647 891 1701 roto
903 1640 1024 1714 lentim,

101 1737 164 1780 vro
210 1740 267 1780 nm.
324 1764 332 1782 .

143 1799 183 1858 ΙΙ.
210 1805 255 1862 An
278 1802 458 1864 Sacramenta
477 1803 625 1865 conferant
646 1823 826 1865 omnesones
848 1800 966 1863 effeetus
989 1820 1023 1861 eo

103 1887 237 1961 tempore.
257 1899 314 1959 quo
327 1887 472 1946 actualiter
484 1885 692 1966 suscipiuntur?

144 1962 182 2021 R.
206 1965 247 2020 1⁰2
261 1963 441 2026 Sacramenta
453 1967 644 2046 imprimentia
655 1965 847 2026 characterem
859 1961 958 2044 (modo
969 1962 1026 2024 sint

102 2039 209 2121 valida)
234 2044 391 2124 producunt
411 2045 491 2107 illum
515 2049 684 2114 neeessarib,
704 2048 773 2106 etin
787 2045 889 2106 eodem
901 2045 1025 2117 imane,

102 2143 160 2264 qpp
182 2134 232 2185 aut
253 2124 355 2187 Gratia
376 2126 545 2208 producitur,
564 2136 615 2188 aut
628 2127 830 2209 produceretur,
849 2128 872 2186 si
885 2144 943 2186 non
955 2134 1026 2187 caet

101 2226 118 2264 o
154 2225 183 2264 x.
726 2228 729 2233 ·

143 2285 200 2346 111.
224 2288 264 2347 2⁰·
288 2287 396 2350 Gratiae
418 2289 542 2350 actuales
564 2308 613 2349 eeu
634 2289 846 2350 sacramentales
857 2307 908 2347 suo
921 2287 985 2347 loco
996 2292 1028 2347 et

100 2374 228 2446 temporo
241 2369 341 2430 dantur
352 2368 465 2443 adultis,
485 2369 596 2450 quando
618 2373 751 2431 nimirum
771 2377 851 2429 erunt
865 2370 1025 2428 camaria
1058 2426 1064 2455 ,

101 2446 146 2507 vel
169 2449 251 2510 utiles
274 2448 311 2510 ad
329 2449 416 2510 tinem
429 2451 604 2511 Sacramenti
618 2449 862 2531 consequendum
882 2448 969 2509 modb
983 2456 1024 2509 ta·
1063 2493 1065 2500 -

100 2547 166 2588 men
192 2549 240 2611 par
260 2538 410 2612 peccatum
430 2529 477 2609 jus
489 2530 526 2591 ad
540 2531 603 2593 illes
616 2552 673 2593 non
687 2534 836 2602 emittatur,
858 2550 912 2589 nec
926 2550 1024 2591 earum
1051 2560 1054 2567 ·

101 2612 256 2690 receptioni
269 2619 391 2691 ponatur
405 2610 491 2672 obex.
925 2680 928 2685 ⁴

98 2715 102 2721 ·
143 2690 196 2751 lv.
228 2692 417 2753 Licbtautem
430 2691 485 2752 illa
499 2692 605 2754 Gratia
618 2694 1022 2771 acbralesstatimasuaeepto
1056 2769 1065 2772 -

101 2769 285 2834 Sacramenta
305 2793 361 2834 non
382 2771 566 2846 conferantur,
587 2784 680 2834 tamen
695 2795 759 2833 cum
773 2774 874 2835 Gratia
886 2771 1022 2831 habituali
1044 2819 1065 2863 :

98 2854 194 2913 atatim
207 2855 334 2934 recipitur
350 2853 397 2933 jue
409 2853 551 2934 quoddam
564 2854 602 2914 ad
615 2855 675 2915 illae
688 2876 737 2915 auo
752 2865 873 2935 tempore
887 2855 1019 2932 recipian·
1053 2925 1054 2928 Ἴ

101 2931 159 3003 das,
181 2942 211 2993 et
223 2936 264 2994 sic
276 2937 370 2996 statim
384 2934 485 2996 dantur
496 2934 701 3014 quodammodo
714 2938 742 2995 in
757 2944 820 2996 actu
834 2936 934 3015 primo.
1049 2981 1050 3012 p

140 3012 179 3072 V.
200 3013 241 3073 8⁰·
270 3013 372 3076 Gratia
384 3016 535 3092 habitualis
547 3037 596 3076 reu
609 3017 783 3077 sanctificans
795 3016 892 3078 eodem
904 3016 1019 3075 instanti
1052 3089 1054 3094 ¹

100 3092 247 3168 censemur,
267 3115 323 3176 quo
343 3098 555 3169 &amentum
576 3097 757 3158 essentialiter
779 3105 822 3159 est
840 3095 1018 3176 completum,

99 3175 165 3234 siin
179 3179 346 3256 suscipiente
358 3197 416 3240 non
429 3180 467 3240 sit
480 3178 572 3242 obex:
594 3197 678 3259 quere
691 3178 727 3242 de
747 3178 826 3261 abice
843 3197 894 3242 seu
907 3177 1017 3239 fictione
1041 3172 1050 3247 ζ

100 3275 177 3320 nunc
190 3256 335 3339 agendum.
1043 3294 1047 3307 ·
