2130 3990
62 148 124 224 284
457 178 638 226 ansanum

65 325 160 386 adhuc
177 325 271 404 Virga,
294 323 391 385 Exodi
405 344 467 405 oap.
479 324 508 385 7.
518 345 544 386 s.
558 328 604 387 12.
618 324 670 385 38.
685 325 766 395 Quia
776 332 822 388 est
835 325 922 386 Panis
936 327 988 408 Spi

64 408 171 468 ritualia
185 411 297 466 auimae.
984 458 987 463 .

106 491 223 548 Tertia:
244 488 371 559 Quando
391 489 477 566 aliqui
499 489 603 557 dieunt,
625 490 655 547 iu
670 488 858 548 Eucharistia
871 510 926 548 non
939 508 991 548 assa

65 569 141 629 idem
168 570 286 648 Corpus,
308 569 382 650 quod
405 571 493 629 Filius
519 571 576 629 Dei
599 573 753 649 assumpsit
771 588 812 629 ex
827 570 949 644 Vimine,
967 574 990 631 iu

67 672 122 731 quo
136 658 252 710 mortem
266 652 361 720 subiit,
383 649 437 709 &a
458 652 569 711 ustum
590 652 760 731 intelligunt,
781 672 838 711 uon
854 671 913 709 aa
926 651 990 710 idau

68 737 181 810 Corpus
208 733 298 811 quoad
327 738 431 790 statum
459 740 486 790 at
512 732 684 804 affectiones,
706 731 762 791 &a
792 735 864 792 lieet
876 734 915 792 sit
927 731 990 791 idea

67 812 161 893 quoad
174 813 366 872 substantiam.

108 893 230 954 Quarta:
246 894 313 953 dum
329 894 444 974 quidam
455 894 552 953 Sancti
565 894 662 952 Patras
676 896 714 955 ita
725 893 870 955 extollunt
883 892 988 953 mandu-

68 977 208 1032 cationem
231 977 413 1053 spiritualem,
435 984 466 1035 ut
490 975 574 1033 aliam
602 974 751 1035 admittaris
764 995 822 1034 nou
837 974 987 1046 vidoantur;

67 1054 157 1194 pluium
179 1057 285 1124 volunt,
306 1065 454 1116 externam
475 1057 619 1116 streniam
642 1057 703 1117 sind
715 1056 857 1137 spirituali
870 1075 927 1115 oon
940 1077 988 1135 pio

88 1155 158 1193 essa.

111 1217 237 1286 Quinta:
258 1221 281 1276 si
303 1217 417 1295 quidam
440 1218 546 1287 Patres,
568 1219 617 1297 qui
629 1221 797 1299 seripserunt
810 1228 877 1277 anto
890 1225 988 1277 exortas

68 1296 198 1369 haereses,
220 1298 338 1357 subinde
367 1299 459 1357 minuis
486 1299 619 1357 anaarath
645 1298 733 1359 loeutl
758 1304 834 1367 sunt,
856 1300 913 1357 hoc
937 1299 988 1359 idm

69 1387 139 1445 erat,
162 1380 229 1456 quia
242 1379 376 1448 sciebant,
399 1398 429 1438 se
439 1380 457 1437 ai
468 1379 599 1439 fidelibus
609 1380 686 1439 nulla
695 1379 871 1441 dubitatione
884 1379 988 1458 pulsatis

68 1459 184 1536 intelligi
200 1461 271 1518 bono
283 1481 378 1519 sensu.

111 1540 240 1610 Quidam
266 1543 353 1599 etiam
380 1541 464 1621 pamla
491 1548 520 1600 et
545 1539 717 1600 subobscura
739 1540 914 1610 locutisunt,
934 1543 987 1620 quia

68 1621 209 1700 primibus
233 1623 343 1680 saeculis
369 1625 521 1681 sacratiora
547 1622 702 1698 Religionis
717 1623 858 1700 Mystaria
873 1625 987 1700 Pagaois,

69 1703 180 1761 Judaeis
194 1712 222 1760 et
235 1704 453 1763 catechumenis
476 1700 701 1762 occultabantur:
722 1711 783 1761 tum
796 1706 863 1782 quia
877 1704 906 1762 hi
918 1715 987 1763 erant

70 1782 106 1841 ad
122 1782 171 1841 illa
183 1782 363 1861 intelligonda
383 1787 513 1865 impares,
535 1793 594 1844 tum
608 1802 645 1841 na
657 1802 694 1841 aa
705 1787 854 1844 irriderent
865 1796 896 1842 at
907 1786 984 1863 prola·
1015 1862 1018 1867 Ι

70 1874 181 1922 natanta

112 1945 160 2002 Ex
176 1944 219 2003 his
232 1945 333 2024 regalis
353 1944 437 2005 facile
458 1942 527 2003 solvi
539 1953 660 2023 possunt
672 1947 778 2019 omnia,
800 1964 864 2024 qua
879 1945 983 2005 berolini

72 2037 230 2104 proponunt
243 2046 281 2084 ax
296 2027 407 2086 Sanctis
423 2025 564 2084 Patribus.

73 2187 116 2245 N.
128 2190 176 2248 24.
193 2188 456 2249 SOLVUNTUR
479 2186 777 2248 OBJECTIONES
794 2188 854 2247 Ex
868 2186 982 2248 scall-

295 2269 413 2331 TURA
439 2269 495 2327 ET
522 2271 548 2326 A
569 2267 777 2329 RATIONE.

336 2431 361 2491 l.
376 2432 457 2533 N‘ll‘
470 2437 574 2489 eontra
586 2430 737 2490 hereticos.

114 2592 185 2672 Obj.
216 2591 241 2650 1.
268 2592 426 2652 Cumanus
450 2593 533 2672 jussit
560 2591 772 2651 Eucharistiam
799 2591 894 2671 panici
916 2595 984 2652 insui
1013 2562 1017 2629 l

73 2674 389 2746 Commemorationem,
412 2673 499 2732 Luem
524 2692 587 2754 oap.
614 2673 665 2730 22.
694 2692 720 2729 v.
748 2673 793 2733 19.
836 2677 925 2751 Atqui
938 2697 985 2733 ma·
1014 2658 1018 2737 l

71 2758 160 2813 moria
173 2766 216 2814 est
228 2763 336 2814 tantum
352 2757 388 2813 de
402 2776 431 2813 re
444 2756 571 2827 absente,
592 2775 647 2812 non
664 2762 811 2832 prasente:
833 2775 910 2833 ergo,
929 2754 977 2815 &a

113 2838 151 2893 R.
167 2836 270 2893 Sensus
287 2836 429 2894 verborum
454 2837 560 2897 Christi
573 2847 634 2893 est:
657 2833 835 2911 Hoasaoite
846 2841 879 2894 in
895 2856 987 2895 memo·

69 2920 144 2973 rium
162 2917 316 2974 Passionis
329 2927 357 2975 et
378 2919 477 2974 mortis
490 2937 562 2984 meae,
586 2924 616 2974 ut
630 2927 708 2996 patet
721 2935 759 2972 ex
775 2919 907 2994 Apostolo
924 2920 948 2976 l.
959 2917 989 2975 al

72 2998 135 3053 Cor.
158 3018 220 3076 cap.
249 3001 292 3055 ll.
309 3018 333 3055 v.
348 2997 397 3064 26,
415 2996 512 3056 Passio
537 3005 630 3058 autam
655 2998 761 3057 Christi
780 3016 833 3056 noa
848 3006 916 3056 tune
929 3006 989 3066 orat

68 3098 121 3135 uec
132 3079 192 3153 jam
209 3088 251 3135 ost
264 3097 393 3154 praesens.

114 3161 252 3217 Praeterea
267 3162 355 3216 minor
368 3161 397 3215 in
412 3180 464 3217 sua
478 3161 660 3238 generalitate
670 3168 711 3219 est
724 3159 815 3232 falsa;
837 3162 905 3239 quia
913 3162 991 3219 utiam

70 3238 151 3297 datur
175 3240 311 3297 momoria
331 3242 370 3297 rei
395 3246 545 3318 presentis,
564 3243 719 3321 praesertim
732 3243 756 3298 si
770 3260 822 3300 non
837 3245 875 3301 sit
889 3241 993 3301 visibilis

69 3341 117 3378 sou
130 3322 276 3379 sensibilis,

111 3402 180 3479 Obj.
207 3402 246 3459 ll.
271 3403 365 3459 Juxta
389 3402 462 3460 varia
486 3401 635 3481 Scriptura
658 3401 720 3460 loca
744 3401 994 3463 Christusnouest

71 3482 188 3560 amplius
208 3484 236 3539 in
252 3483 435 3548 hosmundo,
456 3483 506 3542 sed
520 3483 645 3541 aseendit
654 3485 684 3540 in
700 3482 823 3556 Caelum,
843 3492 875 3544 ut
888 3485 993 3545 Malth.

70 3584 132 3643 cap.
148 3562 195 3622 26.
212 3584 238 3620 v.
258 3565 302 3622 ll.
316 3564 404 3623 Joan.
420 3584 482 3642 cap.
502 3563 548 3622 16.
564 3568 608 3622 lli.
623 3583 649 3621 v.
661 3574 689 3623 et
703 3566 769 3622 Act.
784 3563 813 3623 3.
826 3586 851 3622 v.
865 3564 917 3623 21.

113 3646 149 3703 R.
172 3646 205 3705 ln
230 3648 286 3707 illis
302 3651 411 3705 tantum
428 3649 521 3724 agitur
544 3644 580 3706 do
601 3646 752 3726 prasentia
766 3645 873 3707 Christi
887 3640 993 3715 visibili,
