2130 3990
390 204 608 251 uesenurro.
904 187 964 252 tw.

71 351 221 422 Quantum
234 359 384 433 peecatum
396 359 439 413 est
457 354 518 413 sine
531 371 617 413 mma
636 350 764 413 ordinem
774 351 960 413 illumin'rer·

48 434 116 491 trel
966 466 970 473 ·

76 512 121 572 11.
133 512 173 572 R.
189 512 237 571 Ex
257 516 402 573 communi
415 516 554 573 sententia
567 523 611 573 est
622 515 743 575 mortale
754 516 963 594 pretermittere

48 592 219 653 incerdotem
230 596 318 655 etiem
331 598 572 655 consentientem
591 597 659 673 quia
671 598 703 655 vi·
711 595 891 657 ordinationis
899 616 961 657 'suae

48 683 79 733 nt
96 674 233 735 Minister
243 677 400 735 ordinarius
414 675 500 755 hujus
513 677 701 744 Sacramenti,
721 697 779 737 non
791 677 887 738 valane
898 678 962 738 sine

48 753 121 833 iujo·
134 765 165 817 et
177 755 294 817 Ordinis
307 759 352 817 eui
364 757 467 836 injurie
475 757 534 837 juri
547 776 599 816 auo
613 760 780 819 renuntiare.
823 806 826 811 ⁴
867 785 870 789 ¹
933 786 937 795 ·

75 834 161 897 Idam
182 837 266 899 multi
289 837 397 913 dicunt,
416 840 441 898 si
463 840 692 919 praetermittatur
715 837 960 913 Diacooasplroc

48 936 130 977 amen
143 938 199 977 non
213 927 256 977 est
268 927 387 979 certum.
866 926 869 932 ’
967 964 970 971 -

48 1052 52 1061 .
76 998 137 1059 111.
157 999 282 1060 inversio
295 1010 392 1061 nutem
405 999 509 1059 ordinis
531 1002 605 1059 inter
615 999 759 1060 Ministros
773 1001 908 1061 Diacono
918 1001 962 1061 in·

48 1076 151 1140 'arietes
164 1100 220 1139 non
235 1081 344 1141 videtur
356 1094 503 1161 peccatum
521 1100 618 1159 grava3
660 1084 706 1140 uia
718 1083 812 1142 nullus
836 1100 892 1162 prm
905 1080 963 1142 elio

48 1158 74 1219 td
86 1160 144 1219 hoo
155 1162 313 1239 specialiter
325 1172 367 1221 est
377 1161 541 1241 deputatus,
555 1159 609 1220 dio.
632 1102 887 1242 llerbispraeoitatis
896 1162 961 1222 sula

48 1243 134 1320 iungit
146 1240 264 1301 Rituale
278 1243 439 1303 Romanurn
451 1262 458 1298 :
472 1244 491 1275 “
505 1243 604 1319 Quare
618 1260 714 1301 curere
722 1242 808 1304 debet
821 1243 964 1303 Parochue

48 1332 71 1381 rt
93 1320 195 1382 fideles
221 1327 377 1401 prasertim
404 1324 573 1394 obstetrices,
607 1333 714 1383 rectum
741 1324 903 1404 baptizandi
926 1325 962 1384 ri·

48 1412 98 1463 tttm
127 1403 215 1482 probis
241 1413 356 1463 teneant
377 1413 409 1464 ot
434 1404 572 1465 servent.”
605 1403 698 1466 Unda
718 1405 853 1484 Synodni
867 1406 963 1465 Dioeo.

48 1482 151 1545 Mani.
179 1487 222 1545 tit.
248 1483 280 1545 3.
303 1504 366 1565 cap.
394 1484 424 1544 2.
440 1488 555 1545 statuit:
576 1488 596 1519 “
612 1487 739 1545 Pestoroe
753 1485 873 1546 formam
888 1487 963 1566 Bap-

48 1566 113 1627 timi
133 1564 231 1644 lingui
255 1566 405 1626 vernaculi
428 1567 533 1646 populo
554 1585 629 1645 sepe
651 1568 802 1636 inculcent,
822 1567 963 1647 simulque

48 1644 160 1707 doceant
185 1666 248 1707 cum
263 1650 491 1727 pronunciatione
512 1647 657 1709 verborum
670 1647 765 1708 formes
786 1651 878 1726 ipsam
889 1649 964 1709 inlu·

48 1728 143 1785 ionem
168 1746 249 1805 aque
272 1727 412 1787 moraliter
437 1747 597 1787 concurrere
611 1728 743 1787 debero.”
788 1727 863 1788 Vide
876 1731 964 1789 etiam

48 1805 190 1887 synodum
217 1807 343 1871 Prov02.
367 1811 411 1868 tit.
425 1808 454 1879 3,
469 1810 578 1888 cap-7.
620 1809 675 1869 lv.
689 1809 869 1870 Instruantur
886 1812 965 1871 insu·

48 1889 566 2044 t‘attt‘lttllltttll
587 1890 969 2033 &limittit

48 2052 114 2113 lione
140 2052 250 2113 atonis
276 2061 307 2110 et
331 2051 452 2130 integre,
471 1992 652 2130 atquepvooe
673 2053 740 2113 rere
754 2051 843 2112 vooali
856 2053 970 2133 singula·

48 2130 123 2191 rorbe
133 2130 234 2193 formes
261 2136 453 2212 pronuncient,
474 2133 557 2192 simul
572 2153 638 2193 oum
652 2133 747 2193 debita
760 2133 903 2194 ablutione
914 2152 966 2213 per

48 2230 140 2351 Ἢ
158 2214 314 2354 ιιέῑυῑὲαἰέω
339 2212 488 2355 ἰηῖάοὺίῑα
500 2224 578 2293 parto
591 2217 713 2295 corporis
725 2214 900 2296 baptizandi,
920 2232 965 2273 se·

48 2312 90 2353 tun
131 2313 161 2352 m
191 2316 216 2354 rc
295 2315 351 2353 um.
390 2340 396 2353 .
967 2324 973 2335 ·

75 2372 164 2437 Unde
178 2375 338 2455 Baptismus
353 2374 509 2455 (supposita
522 2379 607 2437 etiam
622 2376 718 2436 debito
730 2373 893 2455 ablutione)
907 2375 963 2436 eal·

48 2472 97 2527 [sm
109 2454 194 2515 valde
221 2456 402 2536 periclitetur,
423 2456 489 2515 dum
511 2458 674 2518 obstetrices
687 2457 817 2538 quadarn
829 2457 966 2518 infantem

48 2555 95 2596 too
110 2539 225 2597 omnino
248 2538 355 2597 editum
370 2538 555 2616 baptizantes,
577 2560 613 2599 no
633 2542 758 2599 animum
774 2538 967 2619 parientisde·

48 2617 150 2690 ticiani,
171 2617 253 2676 valde
281 2619 416 2677 submisse
444 2630 473 2677 ot
499 2620 624 2680 modeste
645 2619 804 2699 proferunt:
826 2638 884 2696 ego
898 2627 928 2680 te
939 2626 969 2680 ei

48 2708 104 2776 poet
128 2718 242 2778 parvam
270 2720 376 2757 morem
391 2701 517 2778 baptizo,
536 2711 638 2781 etpost
660 2703 744 2761 aliem
758 2719 846 2759 rursus
859 2719 965 2761 morem

48 2783 74 2843 itt
89 2778 217 2838 Nomine
231 2780 344 2854 Patrio,
364 2779 419 2839 dic.
790 2822 793 2829 ,
865 2814 868 2831 2

81 2858 122 2921 V.
138 2860 320 2934 Moneantur,
340 2861 416 2939 quod
440 2863 480 2920 cie
506 2884 564 2922 nou
586 2864 671 2923 liceat
694 2863 835 2942 baptisare
853 2861 908 2922 nisi
929 2879 967 2957 ex

48 2943 746 3104 watttitttltlt,lltrttttlti
761 2943 969 3085 :diffidi

48 3110 169 3163 extreme
189 3108 337 3162 necessitas
359 3114 402 3163 ost
423 3105 608 3184 expectanda,
630 3106 679 3166 sed
697 3105 802 3166 sufficit
813 3106 969 3187 periculum

48 3185 188 3243 verisimile
202 3184 238 3243 de
252 3187 372 3245 instante
386 3195 413 3245 et
426 3188 520 3245 subita
534 3196 621 3246 morte
635 3187 768 3248 infantis:
789 3187 865 3268 quod
887 3190 970 3267 equi-

48 3264 108 3325 dem
120 3264 217 3324 leviter
230 3279 258 3324 ot
271 3266 374 3324 temere
402 3289 456 3325 non
480 3276 522 3326 ost
540 3269 774 3346 presumendum,
793 3277 893 3327 utnon
907 3273 971 3329 rerd

48 3348 180 3423 contingit
190 3365 225 3403 ex
237 3350 335 3405 timore
347 3349 491 3407 muliebri:
508 3350 592 3423 unde,
607 3362 639 3408 ut
649 3354 688 3409 ait
696 3353 725 3410 S.
732 3349 850 3409 carolus
864 3351 970 3411 Borro·

48 3446 139 3495 meus,
169 3427 327 3506 gravissime
349 3428 493 3487 Peroohus
509 3432 644 3505 monebit,
672 3433 757 3510 quam
771 3433 888 3508 graviter
914 3432 970 3491 illae

48 3516 168 3586 peccent,
189 3511 211 3566 si
225 3507 336 3586 quando
358 3513 452 3569 mortis
463 3515 631 3572 necessitate
645 3533 700 3573 non
714 3520 841 3592 cogente,
857 3512 969 3595 Baptis-

48 3608 121 3650 mum
135 3592 292 3651 ministrare
306 3589 420 3652 nudent.
