2130 3990
364 925 686 1033 1Nn1ox.
723 884 725 888 ’

410 1259 654 1274 m

61 1497 154 1558 Prior
164 1495 455 1576 Numerusdesignat
462 1497 621 1558 Numerum
632 1496 841 1576 marginalem,
846 1498 992 1577 posterior

288 1602 290 1607 ’
391 1581 503 1640 indicat
509 1582 663 1659 paginam.

148 1855 422 1956 'inscissus
451 1857 510 1918 Du
538 1856 885 1930 INCARNATIONE.

61 2237 155 2295 Num.
896 2237 992 2316 Pege.

87 2318 101 2376 l
127 2318 178 2377 Ds
193 2317 396 2378 incarnationis
410 2318 523 2378 veritate
535 2325 565 2376 et
578 2317 715 2378 erroribus
725 2320 858 2398 oppositis
973 2320 994 2377 5

85 2400 106 2456 2
128 2399 266 2458 Probatur
278 2397 513 2467 contraJudaeos,
975 2397 995 2454 6

83 2480 104 2539 3
128 2481 174 2538 De
187 2483 350 2540 necessitato
365 2479 575 2552 incarnationis,
975 2480 994 2534 8
1030 2499 1031 2502 ¹

84 2565 104 2620 4
128 2560 174 2618 De
188 2560 378 2621 satisfactione
392 2559 498 2620 Christi
512 2557 666 2619 secundum
678 2562 796 2638 rigorem
805 2563 823 2620 J
827 2563 932 2627 ustitiae.
975 2562 994 2620 9

85 2644 105 2701 5
128 2641 173 2699 De
184 2640 279 2701 Causa
292 2640 371 2700 finali
383 2642 591 2707 incarnationis,
957 2640 994 2699 10

86 2724 105 2781 6
128 2722 173 2780 De
188 2723 274 2782 modo
287 2722 408 2785 Unionis
423 2721 614 2801 hypostatice,

87 2806 104 2864 7
129 2803 175 2861 De
187 2803 310 2862 Persona
320 2801 433 2871 Christi,

87 2886 106 2941 8
129 2885 175 2942 Do
190 2884 307 2944 Naturis
323 2882 438 2956 Christi,

86 2971 106 3027 9
130 2964 177 3022 De
188 2965 311 3044 pertibus
324 2963 456 3023 humana
471 2963 589 3024 Nature
605 2966 753 3044 assumptis
767 2964 786 3021 si
798 2963 902 3034 Verbo,
960 2963 996 3021 16

68 3047 107 3106 10
130 3044 174 3103 Do
189 3044 421 3114 AnimaChristi,
960 3043 997 3101 17

70 3128 102 3186 11
129 3127 174 3185 De
188 3125 341 3185 defectibus
357 3126 475 3184 Natura
490 3126 620 3185 humana
634 3129 785 3205 assumptis
799 3128 817 3182 i
832 3124 914 3195 Filio,
960 3123 997 3184 19

68 3212 104 3266 12
130 3207 177 3264 De
191 3208 443 3265 communicatione
454 3205 621 3266 idiomatum
638 3206 749 3285 Regula
762 3205 786 3280 1,
957 3205 998 3264 20

69 3285 106 3346 13
130 3287 201 3366 Reg.
218 3287 259 3346 11.
274 3287 309 3345 de
324 3287 579 3346 communicatione
591 3285 766 3362 idiomatum,
955 3284 996 3344 23

69 3369 106 3429 14
129 3369 176 3426 Do
189 3367 375 3427 locutionibus
389 3367 546 3427 vitandisin
558 3370 808 3428 communicatione
821 3365 936 3429 idioma·
957 3445 1002 3505 24
1021 3404 1029 3482 i

187 3455 244 3507 tum
1003 3478 1006 3482 ·

70 3534 105 3589 15
128 3532 173 3588 An
190 3491 315 3589 Christus
329 3535 418 3610 potest
430 3527 487 3589 dici
502 3528 591 3589 Filius
605 3529 663 3589 Dei
676 3529 828 3608 adoptianis,
959 3524 989 3593 2!

69 3611 106 3670 16
129 3611 175 3672 De
189 3609 315 3670 Soiontia
326 3609 437 3683 Christi,
623 3666 624 3671 ,
959 3606 989 3667 21
