2130 3990
367 156 408 200 uu
430 156 647 200 uucasursrrn.
922 136 984 202 29⁶

82 297 123 360 In
139 300 202 361 aliis
216 300 384 383 quibusdam
408 303 527 377 casibus,
548 323 575 362 v.
589 321 615 379 g.
629 308 755 379 temporo
769 299 983 360 communionis

51 379 201 442 hachulis
213 384 256 442 vel
268 384 287 442 J
292 383 391 455 ubilai,
413 392 516 463 putant
526 382 621 460 aliqui,
642 381 800 440 Parochum
815 380 981 460 impeditum

51 480 129 522 rossa
140 465 316 523 committere
333 466 460 525 lliacouo
476 465 660 524 Eucharistiae
674 462 915 552 distributiqnem;
931 463 982 521 sed

51 544 113 621 quia
128 549 220 622 praxis
234 546 369 604 moderna
381 545 410 604 id
424 567 481 605 non
505 545 601 618 habet,
615 547 753 624 optimum
768 543 840 603 foret
852 545 882 602 in
897 543 981 603 simili

51 643 114 687 lusu
129 645 268 686 recurrere
281 626 316 684 ad
335 627 515 709 Episcopum.

82 708 132 764 An
148 708 233 765 etiam
248 706 435 781 Subdiaconc‚
457 710 498 766 vel
513 709 576 766 aliis
590 706 764 767 inferioribus
779 705 907 774 Clericis,
930 714 980 764 aut

50 787 131 846 itiam
151 787 245 847 luicis
256 788 354 848 similis
365 788 537 867 dispensatio
552 791 688 849 committi
702 787 815 866 potest?

84 867 147 926 111.
164 868 202 927 R.
213 870 334 928 Artena
346 874 498 949 praesertim
512 873 642 950 praesenti
669 870 803 928 llcclesiae
822 866 979 946 disciplind,

50 948 191 1028 negative:
206 970 259 1009 nec
272 951 365 1024 refert,
379 951 455 1030 qudd
469 955 522 1031 ipsi
538 954 618 1011 La'ici
633 952 762 1029 legantur
774 970 805 1009 se
817 948 887 1007 olim
901 968 977 1007 com·

50 1033 215 1104 manicasse,
235 1031 302 1090 cum
317 1032 524 1091 Eucharistiam
544 1053 640 1091 secum
656 1033 771 1091 domum
787 1038 978 1109 asportarent:

50 1112 111 1190 quia
124 1110 154 1170 id
168 1131 223 1170 non
247 1111 373 1171 lecerunt
394 1121 531 1191 tanquam
546 1114 669 1173 Ministri
689 1112 902 1191 dispensationis
923 1110 978 1168 sal·

50 1190 257 1331 tequrdinarii,
277 1213 330 1252 nec
344 1194 399 1253 hoc
409 1195 472 1274 jam
500 1198 607 1275 patitur
620 1193 758 1254 hodierne
771 1192 905 1252 Ecclesia
919 1191 976 1249 dis·

50 1292 162 1350 arpina.

88 1352 147 1412 IV.
173 1355 270 1413 Juxta
291 1355 452 1415 modernam
481 1367 571 1417 autem
603 1357 740 1416 Ecclesiae
755 1357 867 1435 praxim
881 1373 978 1413 omnes

51 1433 211 1494 Sacerdotes
225 1455 260 1494 eo
286 1439 355 1516 ipso,
377 1458 432 1514 quo
446 1443 642 1517 permittuntur
663 1437 812 1506 celebrare,
832 1436 976 1495 licentiam

51 1514 153 1574 hubent
180 1515 389 1577 Eucharistiam
412 1518 595 1578 distribuendi
617 1520 745 1578 omuibus
768 1518 976 1579 communicare

51 1595 201 1655 volentibus
212 1597 414 1678 cujuscumque
432 1602 571 1660 l‘aroclriae
583 1601 626 1661 vel
643 1603 797 1658 Dioecosia:
812 1598 879 1657 crim
894 1597 974 1657 Trid.

52 1696 109 1735 mse.
122 1676 174 1736 22.
190 1698 251 1758 cap.
266 1678 294 1737 6.
310 1691 438 1759 exoptet,
458 1687 532 1742 utin
560 1683 675 1761 singulis
691 1681 787 1740 Missis
800 1681 849 1757 qui
861 1677 977 1738 adstent

50 1754 138 1816 fideles
154 1756 339 1819 Eucharistiae
354 1762 423 1821 fiant
435 1767 590 1843 participes.

82 1837 121 1896 V.
139 1841 193 1899 Pro
217 1841 304 1900 tribus
319 1851 411 1900 tamen
428 1845 536 1903 casibus
550 1844 678 1922 specialis
692 1845 836 1922 requiritur
849 1840 974 1900 Pastoris

48 1916 169 1994 licentia,
191 1941 281 2001 eaque
302 1926 407 2002 passim
420 1945 569 2004 expressn;
585 1928 691 1984 scilieet
705 1946 753 2004 pro
768 1923 976 1982 Communione

48 1996 185 2081 Paschali,
205 2020 255 2080 pro
270 1996 387 2081 Viatico,
409 2016 438 2063 ct
451 2027 500 2086 pro
515 2008 657 2066 delatione
677 2005 819 2078 Paschali,
841 2023 890 2082 pro
904 2002 974 2061 Via-

48 2084 112 2150 tico,
133 2093 165 2142 et
188 2102 237 2160 pro
251 2082 392 2144 delatione
420 2088 605 2146 Eucharistiae
628 2088 664 2146 ad
683 2088 806 2146 infirmos
820 2084 976 2144 devotionis

47 2163 138 2223 ausa.
182 2164 239 2222 Pro
263 2165 373 2224 Viatico
386 2170 528 2247 excipitur
540 2190 622 2228 casus
637 2171 817 2227 necessitatis.

76 2241 138 2303 Vl.
168 2243 289 2306 Possunt
314 2249 399 2306 etiam
426 2249 582 2327 Regulares
609 2256 637 2308 iu
662 2254 720 2308 suis
736 2248 972 2307 Ecclesiisetiam

47 2343 168 2403 empore
202 2327 350 2406 quindenae
391 2330 542 2400 paschalis,
574 2331 736 2390 distrilnere
765 2328 973 2388 Eucharistiam

47 2405 226 2466 ocularibus
244 2409 332 2487 juxta
349 2409 492 2489 privilegia
506 2414 523 2469 ri
537 2416 616 2471 variis
632 2410 816 2471 Pontificibus
830 2427 971 2473 concessa,

47 2495 165 2566 rxcapto
178 2489 240 2547 solo
260 2491 307 2547 die
320 2492 438 2550 solemni
462 2495 595 2566 Paschae;
619 2497 659 2553 sic
672 2505 767 2552 tamen
781 2501 815 2550 ut
826 2489 973 2549 seculares
1007 2547 1017 2569 ι

47 2565 77 2626 bi
91 2573 337 2629 communicantes
350 2572 426 2631 nullo
437 2574 519 2633 modo
529 2573 703 2634 satisfaciunt
717 2582 859 2654 praecepto
875 2571 970 2630 Eccle

47 2646 84 2704 in
101 2647 138 2708 de
153 2649 360 2710 commuuione
373 2653 513 2713 Paschali.

77 2728 129 2788 Sic
155 2734 230 2790 iuter
262 2731 331 2791 alios
354 2738 439 2793 etiarn
454 2741 570 2796 sustinet
590 2737 759 2796 Benedictus
772 2733 859 2793 XlV.
873 2732 924 2792 lib.
939 2731 966 2787 7.

46 2809 72 2868 lc
101 2809 177 2884 Syn.
207 2811 334 2872 Deiecea.
349 2835 409 2895 cap.
434 2816 483 2874 4⁶2.
510 2818 599 2876 Num.
620 2820 650 2876 3.
671 2817 745 2875 unda
760 2824 833 2874 errat
848 2813 969 2872 Billuart

46 2889 231 2951 lissertatioue
258 2894 286 2953 6.
311 2900 390 2954 artic.
408 2898 434 2956 l.
449 2903 473 2972 ἕ.
489 2898 518 2955 3.
532 2900 638 2967 dicens,
664 2897 814 2977 Regulares
839 2897 925 2954 etiam
937 2896 966 2952 in

46 2972 87 3030 lie
96 2971 220 3035 Paschae
229 2994 308 3053 posse
317 2980 345 3035 in
356 2979 414 3037 suis
427 2979 561 3040 Ecclesiis
576 2984 730 3039 ministrare
744 2977 965 3037 Eucharistiam.

45 3051 174 3194 Rilqiplup),
194 3074 250 3135 quo
276 3057 451 3127 Eucharistia
475 3061 697 3121 administranda
722 3071 773 3129 est,
796 3057 923 3116 videatur
936 3059 965 3114 iu

78 3141 90 3190 t
138 3137 212 3194 ius.

78 3213 151 3275 Vll.
168 3215 197 3278 S.
213 3216 319 3278 Tlrom.
335 3230 387 3282 art.
402 3224 430 3282 9.
444 3225 567 3303 inquirit,
589 3246 625 3284 an
640 3225 724 3283 liceat
737 3223 773 3280 ab
789 3222 967 3281 Excommu-

45 3295 139 3357 uicatiu
165 3298 208 3357 vel
224 3299 373 3359 Haereticis
394 3313 445 3363 aut
468 3306 662 3384 peccatoribus
678 3305 884 3364 Eucharistiam
898 3307 966 3362 reci-

45 3393 110 3453 pere,
132 3386 269 3440 eteorum
300 3382 417 3442 Missam
446 3387 559 3446 audire:
583 3387 689 3465 dequo
713 3389 827 3446 consule
841 3387 918 3450 dicta
932 3391 966 3446 de

45 3454 241 3521 documentis
256 3465 285 3523 iu
299 3484 420 3542 genere,
440 3467 490 3526 ubi
504 3468 539 3527 de
552 3469 691 3547 probitate
707 3469 842 3532 Ministri.
