<?xml version="1.0" encoding="UTF-8"?>
<!DOCTYPE html PUBLIC "-//W3C//DTD XHTML 1.0 Transitional//EN"
    "http://www.w3.org/TR/xhtml1/DTD/xhtml1-transitional.dtd">
<html xmlns="http://www.w3.org/1999/xhtml" xml:lang="en" lang="en">
 <head>
  <title>
</title>
<meta http-equiv="Content-Type" content="text/html;charset=utf-8" />
  <meta name='ocr-system' content='tesseract 3.04.00' />
  <meta name='ocr-capabilities' content='ocr_page ocr_carea ocr_par ocr_line ocrx_word'/>
</head>
<body>
  <div class='ocr_page' id='page_1' title='image "./theologiamorali02densgoog_0315.png"; bbox 0 0 2130 3990; ppageno 0'>
   <div class='ocr_carea' id='block_1_1' title="bbox 102 185 652 254">
    <p class='ocr_par' dir='ltr' id='par_1_1' title="bbox 102 185 652 254">
     <span class='ocr_line' id='line_1_1' title="bbox 102 185 652 254; baseline -0.009 -6"><span class='ocrx_word' id='word_1_1' title='bbox 102 185 163 249; x_wconf 81' lang='lat'>308</span> <span class='ocrx_word' id='word_1_2' title='bbox 356 249 360 254; x_wconf 66' lang='grc'><strong>,</strong></span> <span class='ocrx_word' id='word_1_3' title='bbox 478 201 652 246; x_wconf 73' lang='lat' dir='ltr'>curreres</span> 
     </span>
    </p>
   </div>
   <div class='ocr_carea' id='block_1_2' title="bbox 105 347 1029 2049">
    <p class='ocr_par' dir='ltr' id='par_1_2' title="bbox 105 347 1026 591">
     <span class='ocr_line' id='line_1_2' title="bbox 146 347 1024 431; baseline -0.003 -22"><span class='ocrx_word' id='word_1_4' title='bbox 146 352 352 429; x_wconf 77' lang='lat' dir='ltr'>Exceptionem</span> <span class='ocrx_word' id='word_1_5' title='bbox 381 351 495 431; x_wconf 71' lang='lat' dir='ltr'>insuper</span> <span class='ocrx_word' id='word_1_6' title='bbox 518 351 599 428; x_wconf 83' lang='lat' dir='ltr'>ponit</span> <span class='ocrx_word' id='word_1_7' title='bbox 625 348 656 406; x_wconf 89' lang='lat' dir='ltr'>S.</span> <span class='ocrx_word' id='word_1_8' title='bbox 681 347 788 407; x_wconf 80' lang='lat' dir='ltr'>Thom.</span> <span class='ocrx_word' id='word_1_9' title='bbox 816 347 865 406; x_wconf 90' lang='lat' dir='ltr'>hic</span> <span class='ocrx_word' id='word_1_10' title='bbox 886 347 917 404; x_wconf 92' lang='lat' dir='ltr'>in</span> <span class='ocrx_word' id='word_1_11' title='bbox 950 347 1024 426; x_wconf 72' lang='lat' dir='ltr'>Com.</span> 
     </span>
     <span class='ocr_line' id='line_1_3' title="bbox 106 427 1026 509; baseline -0.004 -18"><span class='ocrx_word' id='word_1_12' title='bbox 106 441 123 465; x_wconf 82' lang='lat'><strong>“</strong></span> <span class='ocrx_word' id='word_1_13' title='bbox 140 433 205 491; x_wconf 85' lang='lat' dir='ltr'>Nisi</span> <span class='ocrx_word' id='word_1_14' title='bbox 228 431 299 490; x_wconf 81' lang='lat' dir='ltr'>forte</span> <span class='ocrx_word' id='word_1_15' title='bbox 316 431 377 489; x_wconf 81' lang='lat' dir='ltr'>telis</span> <span class='ocrx_word' id='word_1_16' title='bbox 403 432 585 489; x_wconf 87' lang='lat' dir='ltr'>immunditia</span> <span class='ocrx_word' id='word_1_17' title='bbox 606 434 643 488; x_wconf 83' lang='lat' dir='ltr'>sit</span> <span class='ocrx_word' id='word_1_18' title='bbox 665 440 806 509; x_wconf 84' lang='lat' dir='ltr'>perpetue</span> <span class='ocrx_word' id='word_1_19' title='bbox 828 429 874 488; x_wconf 89' lang='lat' dir='ltr'>vei</span> <span class='ocrx_word' id='word_1_20' title='bbox 898 427 1026 495; x_wconf 86' lang='lat' dir='ltr'>diuturne,</span> 
     </span>
     <span class='ocr_line' id='line_1_4' title="bbox 105 508 1026 591; baseline -0.005 -19"><span class='ocrx_word' id='word_1_21' title='bbox 105 518 177 573; x_wconf 79' lang='lat' dir='ltr'>sicut</span> <span class='ocrx_word' id='word_1_22' title='bbox 190 522 232 570; x_wconf 85' lang='lat' dir='ltr'>est</span> <span class='ocrx_word' id='word_1_23' title='bbox 244 514 332 591; x_wconf 86' lang='lat' dir='ltr'>lepre,</span> <span class='ocrx_word' id='word_1_24' title='bbox 344 511 388 570; x_wconf 89' lang='lat' dir='ltr'>vel</span> <span class='ocrx_word' id='word_1_25' title='bbox 400 511 496 570; x_wconf 85' lang='lat' dir='ltr'>fluxus</span> <span class='ocrx_word' id='word_1_26' title='bbox 505 511 654 588; x_wconf 76' lang='lat' dir='ltr'>sanguinis,</span> <span class='ocrx_word' id='word_1_27' title='bbox 669 511 711 570; x_wconf 88' lang='lat' dir='ltr'>vei</span> <span class='ocrx_word' id='word_1_28' title='bbox 725 508 832 589; x_wconf 88' lang='lat' dir='ltr'>aliquid</span> <span class='ocrx_word' id='word_1_29' title='bbox 845 508 1026 588; x_wconf 84' lang='lat' dir='ltr'>hujusmodi.”</span> 
     </span>
    </p>

    <p class='ocr_par' dir='ltr' id='par_1_3' title="bbox 106 591 1029 1076">
     <span class='ocr_line' id='line_1_5' title="bbox 147 591 1027 670; baseline -0.002 -18"><span class='ocrx_word' id='word_1_30' title='bbox 147 595 289 652; x_wconf 84' lang='lat' dir='ltr'>Praeterea</span> <span class='ocrx_word' id='word_1_31' title='bbox 299 592 415 670; x_wconf 88' lang='lat' dir='ltr'>pollutio</span> <span class='ocrx_word' id='word_1_32' title='bbox 428 600 566 651; x_wconf 89' lang='lat' dir='ltr'>nocturna</span> <span class='ocrx_word' id='word_1_33' title='bbox 574 591 740 670; x_wconf 87' lang='lat' dir='ltr'>quibusdem</span> <span class='ocrx_word' id='word_1_34' title='bbox 753 591 897 650; x_wconf 89' lang='lat' dir='ltr'>interdum</span> <span class='ocrx_word' id='word_1_35' title='bbox 909 603 1027 650; x_wconf 77' lang='lat' dir='ltr'>causatur</span> 
     </span>
     <span class='ocr_line' id='line_1_6' title="bbox 106 672 1027 752; baseline -0.003 -18"><span class='ocrx_word' id='word_1_36' title='bbox 106 675 290 735; x_wconf 79' lang='lat' dir='ltr'>involuntarie</span> <span class='ocrx_word' id='word_1_37' title='bbox 302 692 341 732; x_wconf 82' lang='lat' dir='ltr'>ex</span> <span class='ocrx_word' id='word_1_38' title='bbox 355 673 517 752; x_wconf 87' lang='lat' dir='ltr'>scrupulosa</span> <span class='ocrx_word' id='word_1_39' title='bbox 529 676 682 735; x_wconf 76' lang='lat' dir='ltr'>anxietate.</span> <span class='ocrx_word' id='word_1_40' title='bbox 703 672 746 732; x_wconf 82' lang='lat' dir='ltr'>rel</span> <span class='ocrx_word' id='word_1_41' title='bbox 759 675 847 732; x_wconf 89' lang='lat' dir='ltr'>etiam</span> <span class='ocrx_word' id='word_1_42' title='bbox 858 691 901 729; x_wconf 87' lang='lat' dir='ltr'>ex</span> <span class='ocrx_word' id='word_1_43' title='bbox 925 672 981 730; x_wconf 85' lang='lat' dir='ltr'>sole</span> <span class='ocrx_word' id='word_1_44' title='bbox 992 693 1027 731; x_wconf 70' lang='lat' dir='ltr'>ee</span> 
     </span>
     <span class='ocr_line' id='line_1_7' title="bbox 108 753 1029 833; baseline -0.002 -19"><span class='ocrx_word' id='word_1_45' title='bbox 108 760 178 814; x_wconf 87' lang='lat' dir='ltr'>tutia</span> <span class='ocrx_word' id='word_1_46' title='bbox 192 755 326 814; x_wconf 70' lang='lat' dir='ltr'>daemonis</span> <span class='ocrx_word' id='word_1_47' title='bbox 340 756 456 814; x_wconf 86' lang='lat' dir='ltr'>volentis</span> <span class='ocrx_word' id='word_1_48' title='bbox 477 757 518 813; x_wconf 89' lang='lat' dir='ltr'>ita</span> <span class='ocrx_word' id='word_1_49' title='bbox 536 757 596 833; x_wconf 87' lang='lat' dir='ltr'>pies</span> <span class='ocrx_word' id='word_1_50' title='bbox 618 758 728 813; x_wconf 85' lang='lat' dir='ltr'>animes</span> <span class='ocrx_word' id='word_1_51' title='bbox 746 753 891 813; x_wconf 78' lang='lat' dir='ltr'><strong>retrahere</strong></span> <span class='ocrx_word' id='word_1_52' title='bbox 914 754 933 810; x_wconf 76' lang='lat' dir='ltr'>ei</span> <span class='ocrx_word' id='word_1_53' title='bbox 955 753 1029 812; x_wconf 81' lang='lat' dir='ltr'>Socra</span> 
     </span>
     <span class='ocr_line' id='line_1_8' title="bbox 109 833 1029 914; baseline -0.002 -19"><span class='ocrx_word' id='word_1_54' title='bbox 109 838 229 908; x_wconf 81' lang='lat' dir='ltr'>Mense3</span> <span class='ocrx_word' id='word_1_55' title='bbox 251 836 329 914; x_wconf 87' lang='lat' dir='ltr'>cujus</span> <span class='ocrx_word' id='word_1_56' title='bbox 341 837 451 913; x_wconf 81' lang='lat' dir='ltr'>signum</span> <span class='ocrx_word' id='word_1_57' title='bbox 465 844 517 905; x_wconf 85' lang='lat' dir='ltr'>est,</span> <span class='ocrx_word' id='word_1_58' title='bbox 538 836 563 894; x_wconf 87' lang='lat' dir='ltr'>si</span> <span class='ocrx_word' id='word_1_59' title='bbox 576 835 714 895; x_wconf 76' lang='lat' dir='ltr'>ordinarie</span> <span class='ocrx_word' id='word_1_60' title='bbox 739 844 888 900; x_wconf 64' lang='lat' dir='ltr'>causatum·</span> <span class='ocrx_word' id='word_1_61' title='bbox 904 833 972 892; x_wconf 90' lang='lat' dir='ltr'>dum</span> <span class='ocrx_word' id='word_1_62' title='bbox 995 847 1029 894; x_wconf 86' lang='lat' dir='ltr'>est</span> 
     </span>
     <span class='ocr_line' id='line_1_9' title="bbox 110 914 1028 994; baseline -0.002 -20"><span class='ocrx_word' id='word_1_63' title='bbox 110 916 393 976; x_wconf 86' lang='lat' dir='ltr'>communicandum:</span> <span class='ocrx_word' id='word_1_64' title='bbox 415 916 489 975; x_wconf 86' lang='lat' dir='ltr'>unde</span> <span class='ocrx_word' id='word_1_65' title='bbox 502 917 556 975; x_wconf 90' lang='lat' dir='ltr'>illis</span> <span class='ocrx_word' id='word_1_66' title='bbox 575 927 720 994; x_wconf 87' lang='lat' dir='ltr'>propteroa</span> <span class='ocrx_word' id='word_1_67' title='bbox 735 917 909 974; x_wconf 60' lang='lat' dir='ltr'>communio</span> <span class='ocrx_word' id='word_1_68' title='bbox 920 914 1028 975; x_wconf 87' lang='lat' dir='ltr'>nullate·</span> 
     </span>
     <span class='ocr_line' id='line_1_10' title="bbox 110 996 779 1076; baseline 0 -21"><span class='ocrx_word' id='word_1_69' title='bbox 110 1020 163 1056; x_wconf 88' lang='lat' dir='ltr'>nus</span> <span class='ocrx_word' id='word_1_70' title='bbox 185 1008 227 1055; x_wconf 86' lang='lat' dir='ltr'>est</span> <span class='ocrx_word' id='word_1_71' title='bbox 241 998 437 1065; x_wconf 88' lang='lat' dir='ltr'>dissuadenda,</span> <span class='ocrx_word' id='word_1_72' title='bbox 459 996 613 1076; x_wconf 42' lang='lat' dir='ltr'>sadfpotitie</span> <span class='ocrx_word' id='word_1_73' title='bbox 626 997 779 1063; x_wconf 84' lang='lat' dir='ltr'>suadenda.</span> 
     </span>
    </p>

    <p class='ocr_par' dir='ltr' id='par_1_4' title="bbox 107 1077 1027 1239">
     <span class='ocr_line' id='line_1_11' title="bbox 151 1077 1027 1158; baseline -0.001 -22"><span class='ocrx_word' id='word_1_74' title='bbox 151 1081 196 1136; x_wconf 86' lang='lat' dir='ltr'>Do</span> <span class='ocrx_word' id='word_1_75' title='bbox 211 1080 397 1138; x_wconf 82' lang='lat' dir='ltr'>celebratione</span> <span class='ocrx_word' id='word_1_76' title='bbox 411 1087 475 1158; x_wconf 84' lang='lat' dir='ltr'>post</span> <span class='ocrx_word' id='word_1_77' title='bbox 487 1079 669 1158; x_wconf 84' lang='lat' dir='ltr'>pollutionem</span> <span class='ocrx_word' id='word_1_78' title='bbox 683 1089 850 1138; x_wconf 84' lang='lat' dir='ltr'>nocturnam</span> <span class='ocrx_word' id='word_1_79' title='bbox 876 1077 941 1136; x_wconf 84' lang='lat' dir='ltr'>vide</span> <span class='ocrx_word' id='word_1_80' title='bbox 966 1077 1027 1135; x_wconf 86' lang='lat' dir='ltr'>Mis·</span> 
     </span>
     <span class='ocr_line' id='line_1_12' title="bbox 107 1158 953 1239; baseline -0.001 -21"><span class='ocrx_word' id='word_1_81' title='bbox 107 1161 167 1219; x_wconf 85' lang='lat' dir='ltr'>seie</span> <span class='ocrx_word' id='word_1_82' title='bbox 184 1161 347 1219; x_wconf 90' lang='lat' dir='ltr'>Romanum</span> <span class='ocrx_word' id='word_1_83' title='bbox 361 1161 397 1219; x_wconf 84' lang='lat' dir='ltr'>de</span> <span class='ocrx_word' id='word_1_84' title='bbox 410 1159 570 1239; x_wconf 65' lang='lat' dir='ltr'>defectibus</span> <span class='ocrx_word' id='word_1_85' title='bbox 580 1159 680 1219; x_wconf 67' lang='lat' dir='ltr'>Mera</span> <span class='ocrx_word' id='word_1_86' title='bbox 690 1160 773 1221; x_wconf 87' lang='lat' dir='ltr'>titulo</span> <span class='ocrx_word' id='word_1_87' title='bbox 788 1158 818 1217; x_wconf 89' lang='grc'>9.</span> <span class='ocrx_word' id='word_1_88' title='bbox 827 1179 912 1218; x_wconf 90' lang='lat' dir='ltr'>num.</span> <span class='ocrx_word' id='word_1_89' title='bbox 923 1161 953 1217; x_wconf 82' lang='lat'>5.</span> 
     </span>
    </p>

    <p class='ocr_par' dir='ltr' id='par_1_5' title="bbox 106 1239 1027 1807">
     <span class='ocr_line' id='line_1_13' title="bbox 152 1239 1027 1316; baseline 0 -20"><span class='ocrx_word' id='word_1_90' title='bbox 152 1240 189 1299; x_wconf 91' lang='lat' dir='ltr'>V.</span> <span class='ocrx_word' id='word_1_91' title='bbox 210 1241 346 1300; x_wconf 81' lang='lat' dir='ltr'>Similiter</span> <span class='ocrx_word' id='word_1_92' title='bbox 359 1241 407 1300; x_wconf 82' lang='lat' dir='ltr'>iric</span> <span class='ocrx_word' id='word_1_93' title='bbox 420 1240 456 1299; x_wconf 86' lang='lat' dir='ltr'>ed</span> <span class='ocrx_word' id='word_1_94' title='bbox 467 1242 496 1298; x_wconf 85' lang='lat'>2.</span> <span class='ocrx_word' id='word_1_95' title='bbox 511 1240 620 1299; x_wconf 85' lang='lat' dir='ltr'>rescivit</span> <span class='ocrx_word' id='word_1_96' title='bbox 633 1241 665 1300; x_wconf 83' lang='lat' dir='ltr'>S.</span> <span class='ocrx_word' id='word_1_97' title='bbox 676 1240 807 1300; x_wconf 77' lang='lat' dir='ltr'><strong>Thomas</strong></span> <span class='ocrx_word' id='word_1_98' title='bbox 816 1241 853 1299; x_wconf 91' lang='lat' dir='ltr'>de</span> <span class='ocrx_word' id='word_1_99' title='bbox 864 1249 932 1301; x_wconf 85' lang='lat' dir='ltr'>ectu</span> <span class='ocrx_word' id='word_1_100' title='bbox 942 1239 1027 1316; x_wconf 71' lang='lat' dir='ltr'>coniu-</span> 
     </span>
     <span class='ocr_line' id='line_1_14' title="bbox 108 1319 1027 1400; baseline 0.001 -21"><span class='ocrx_word' id='word_1_101' title='bbox 108 1321 173 1398; x_wconf 81' lang='lat' dir='ltr'>gali,</span> <span class='ocrx_word' id='word_1_102' title='bbox 195 1325 337 1381; x_wconf 80' lang='lat' dir='ltr'>insinuans</span> <span class='ocrx_word' id='word_1_103' title='bbox 361 1329 462 1391; x_wconf 86' lang='lat' dir='ltr'>temon,</span> <span class='ocrx_word' id='word_1_104' title='bbox 486 1319 621 1398; x_wconf 79' lang='lat' dir='ltr'>majorem</span> <span class='ocrx_word' id='word_1_105' title='bbox 643 1343 708 1383; x_wconf 85' lang='lat' dir='ltr'>esse</span> <span class='ocrx_word' id='word_1_106' title='bbox 719 1322 925 1400; x_wconf 79' lang='lat' dir='ltr'>obligationem</span> <span class='ocrx_word' id='word_1_107' title='bbox 954 1321 1027 1380; x_wconf 84' lang='lat' dir='ltr'>absti-</span> 
     </span>
     <span class='ocr_line' id='line_1_15' title="bbox 107 1401 1026 1482; baseline -0.001 -22"><span class='ocrx_word' id='word_1_108' title='bbox 107 1402 193 1460; x_wconf 89' lang='lat' dir='ltr'>nendi</span> <span class='ocrx_word' id='word_1_109' title='bbox 208 1406 226 1460; x_wconf 78' lang='lat' dir='ltr'>ei</span> <span class='ocrx_word' id='word_1_110' title='bbox 240 1404 447 1462; x_wconf 89' lang='lat' dir='ltr'>Communinne</span> <span class='ocrx_word' id='word_1_111' title='bbox 460 1401 542 1478; x_wconf 76' lang='lat' dir='ltr'>(licet</span> <span class='ocrx_word' id='word_1_112' title='bbox 551 1402 640 1461; x_wconf 76' lang='lat' dir='ltr'>solnm</span> <span class='ocrx_word' id='word_1_113' title='bbox 650 1423 690 1462; x_wconf 81' lang='lat' dir='ltr'>err</span> <span class='ocrx_word' id='word_1_114' title='bbox 699 1407 882 1482; x_wconf 75' lang='lat' dir='ltr'>congruentia</span> <span class='ocrx_word' id='word_1_115' title='bbox 896 1416 925 1463; x_wconf 90' lang='lat' dir='ltr'>et</span> <span class='ocrx_word' id='word_1_116' title='bbox 938 1403 1026 1462; x_wconf 88' lang='lat' dir='ltr'>denen·</span> 
     </span>
     <span class='ocr_line' id='line_1_16' title="bbox 106 1480 1025 1565; baseline 0.001 -24"><span class='ocrx_word' id='word_1_117' title='bbox 106 1482 159 1560; x_wconf 85' lang='lat' dir='ltr'>tie)</span> <span class='ocrx_word' id='word_1_118' title='bbox 170 1487 193 1541; x_wconf 90' lang='lat' dir='ltr'>si</span> <span class='ocrx_word' id='word_1_119' title='bbox 209 1490 288 1543; x_wconf 82' lang='lat' dir='ltr'>entus</span> <span class='ocrx_word' id='word_1_120' title='bbox 302 1504 340 1541; x_wconf 83' lang='lat' dir='ltr'>ex</span> <span class='ocrx_word' id='word_1_121' title='bbox 352 1483 413 1542; x_wconf 86' lang='lat' dir='ltr'>sole</span> <span class='ocrx_word' id='word_1_122' title='bbox 426 1483 567 1561; x_wconf 83' lang='lat' dir='ltr'>voluptate</span> <span class='ocrx_word' id='word_1_123' title='bbox 581 1480 667 1543; x_wconf 85' lang='lat' dir='ltr'>fuerit</span> <span class='ocrx_word' id='word_1_124' title='bbox 679 1487 830 1557; x_wconf 76' lang='lat' dir='ltr'>exercituo,</span> <span class='ocrx_word' id='word_1_125' title='bbox 837 1505 923 1565; x_wconf 86' lang='lat' dir='ltr'>quem</span> <span class='ocrx_word' id='word_1_126' title='bbox 938 1488 959 1543; x_wconf 92' lang='lat' dir='ltr'>si</span> <span class='ocrx_word' id='word_1_127' title='bbox 970 1505 1025 1542; x_wconf 87' lang='lat' dir='ltr'>ceu·</span> 
     </span>
     <span class='ocr_line' id='line_1_17' title="bbox 108 1563 1025 1645; baseline 0.003 -25"><span class='ocrx_word' id='word_1_128' title='bbox 108 1567 141 1622; x_wconf 75' lang='lat' dir='ltr'>sa</span> <span class='ocrx_word' id='word_1_129' title='bbox 169 1567 263 1645; x_wconf 85' lang='lat' dir='ltr'>prolis,</span> <span class='ocrx_word' id='word_1_130' title='bbox 284 1564 328 1625; x_wconf 91' lang='lat' dir='ltr'>vel</span> <span class='ocrx_word' id='word_1_131' title='bbox 354 1563 490 1624; x_wconf 88' lang='lat' dir='ltr'>reddendi</span> <span class='ocrx_word' id='word_1_132' title='bbox 515 1563 658 1623; x_wconf 89' lang='lat' dir='ltr'>debitum:</span> <span class='ocrx_word' id='word_1_133' title='bbox 681 1565 922 1644; x_wconf 86' lang='lat' dir='ltr'>quemadmodum</span> <span class='ocrx_word' id='word_1_134' title='bbox 950 1567 1025 1643; x_wconf 81' lang='lat' dir='ltr'>magis</span> 
     </span>
     <span class='ocr_line' id='line_1_18' title="bbox 109 1645 1024 1727; baseline 0.002 -24"><span class='ocrx_word' id='word_1_135' title='bbox 109 1646 316 1716; x_wconf 85' lang='lat' dir='ltr'>abstinendum,</span> <span class='ocrx_word' id='word_1_136' title='bbox 338 1649 361 1706; x_wconf 91' lang='lat' dir='ltr'>si</span> <span class='ocrx_word' id='word_1_137' title='bbox 375 1645 490 1725; x_wconf 84' lang='lat' dir='ltr'>pollutio</span> <span class='ocrx_word' id='word_1_138' title='bbox 503 1654 640 1705; x_wconf 88' lang='lat' dir='ltr'>nocturne</span> <span class='ocrx_word' id='word_1_139' title='bbox 663 1648 810 1724; x_wconf 85' lang='lat' dir='ltr'>contigerit</span> <span class='ocrx_word' id='word_1_140' title='bbox 831 1667 898 1706; x_wconf 92' lang='lat' dir='ltr'>cum</span> <span class='ocrx_word' id='word_1_141' title='bbox 924 1659 1024 1727; x_wconf 85' lang='lat' dir='ltr'>peceato</span> 
     </span>
     <span class='ocr_line' id='line_1_19' title="bbox 109 1729 576 1807; baseline 0.002 -26"><span class='ocrx_word' id='word_1_142' title='bbox 109 1729 219 1801; x_wconf 83' lang='lat' dir='ltr'>veniali,</span> <span class='ocrx_word' id='word_1_143' title='bbox 239 1730 323 1807; x_wconf 75' lang='lat' dir='ltr'>quem</span> <span class='ocrx_word' id='word_1_144' title='bbox 338 1731 360 1786; x_wconf 86' lang='lat' dir='ltr'>si</span> <span class='ocrx_word' id='word_1_145' title='bbox 375 1729 434 1786; x_wconf 89' lang='lat' dir='ltr'>sine</span> <span class='ocrx_word' id='word_1_146' title='bbox 448 1736 576 1805; x_wconf 86' lang='lat' dir='ltr'>peccato.</span> 
     </span>
    </p>

    <p class='ocr_par' dir='ltr' id='par_1_6' title="bbox 108 1804 1022 2049">
     <span class='ocr_line' id='line_1_20' title="bbox 152 1804 1022 1886; baseline 0 -20"><span class='ocrx_word' id='word_1_147' title='bbox 152 1810 237 1867; x_wconf 81' lang='lat' dir='ltr'>Porro</span> <span class='ocrx_word' id='word_1_148' title='bbox 246 1809 335 1886; x_wconf 84' lang='lat' dir='ltr'>juxte</span> <span class='ocrx_word' id='word_1_149' title='bbox 348 1817 471 1866; x_wconf 88' lang='lat' dir='ltr'>mentem</span> <span class='ocrx_word' id='word_1_150' title='bbox 485 1807 517 1865; x_wconf 86' lang='lat' dir='ltr'>S.</span> <span class='ocrx_word' id='word_1_151' title='bbox 532 1807 653 1866; x_wconf 81' lang='lat' dir='ltr'>Thomae</span> <span class='ocrx_word' id='word_1_152' title='bbox 667 1827 717 1886; x_wconf 92' lang='lat' dir='ltr'>per</span> <span class='ocrx_word' id='word_1_153' title='bbox 728 1828 759 1866; x_wconf 85' lang='lat' dir='ltr'>se</span> <span class='ocrx_word' id='word_1_154' title='bbox 772 1804 903 1866; x_wconf 89' lang='lat' dir='ltr'>sufficere</span> <span class='ocrx_word' id='word_1_155' title='bbox 922 1806 1022 1883; x_wconf 82' lang='lat' dir='ltr'>videtur,</span> 
     </span>
     <span class='ocr_line' id='line_1_21' title="bbox 108 1886 1021 1971; baseline 0.004 -27"><span class='ocrx_word' id='word_1_156' title='bbox 108 1898 139 1947; x_wconf 84' lang='lat' dir='ltr'>ot</span> <span class='ocrx_word' id='word_1_157' title='bbox 154 1888 296 1968; x_wconf 81' lang='lat' dir='ltr'>conjugati</span> <span class='ocrx_word' id='word_1_158' title='bbox 310 1890 465 1949; x_wconf 83' lang='lat' dir='ltr'>abstineant</span> <span class='ocrx_word' id='word_1_159' title='bbox 478 1889 497 1945; x_wconf 77' lang='lat' dir='ltr'>d</span> <span class='ocrx_word' id='word_1_160' title='bbox 510 1886 717 1946; x_wconf 78' lang='lat' dir='ltr'>communione</span> <span class='ocrx_word' id='word_1_161' title='bbox 729 1891 790 1967; x_wconf 87' lang='lat' dir='ltr'>ipso</span> <span class='ocrx_word' id='word_1_162' title='bbox 808 1889 856 1947; x_wconf 89' lang='lat' dir='ltr'>die</span> <span class='ocrx_word' id='word_1_163' title='bbox 869 1891 975 1971; x_wconf 76' lang='lat' dir='ltr'>copuler</span> <span class='ocrx_word' id='word_1_164' title='bbox 984 1889 1021 1949; x_wconf 86' lang='lat' dir='ltr'>ire·</span> 
     </span>
     <span class='ocr_line' id='line_1_22' title="bbox 109 1968 1021 2049; baseline 0.003 -23"><span class='ocrx_word' id='word_1_165' title='bbox 109 1968 175 2029; x_wconf 76' lang='lat' dir='ltr'>bita</span> <span class='ocrx_word' id='word_1_166' title='bbox 185 1991 191 2027; x_wconf 91' lang='lat'>:</span> <span class='ocrx_word' id='word_1_167' title='bbox 202 1971 250 2029; x_wconf 91' lang='lat' dir='ltr'>sed</span> <span class='ocrx_word' id='word_1_168' title='bbox 263 1972 348 2049; x_wconf 86' lang='lat' dir='ltr'>juxte</span> <span class='ocrx_word' id='word_1_169' title='bbox 363 1969 506 2029; x_wconf 86' lang='lat' dir='ltr'>Pastorale</span> <span class='ocrx_word' id='word_1_170' title='bbox 518 1968 628 2027; x_wconf 84' lang='lat' dir='ltr'>Mechl.</span> <span class='ocrx_word' id='word_1_171' title='bbox 640 1968 849 2030; x_wconf 86' lang='lat' dir='ltr'>Cetechismunr</span> <span class='ocrx_word' id='word_1_172' title='bbox 866 1972 1021 2044; x_wconf 87' lang='lat' dir='ltr'>Romanurn,</span> 
     </span>
    </p>
   </div>
   <div class='ocr_carea' id='block_1_3' title="bbox 108 2049 1065 2586">
    <p class='ocr_par' dir='ltr' id='par_1_7' title="bbox 108 2049 1065 2586">
     <span class='ocr_line' id='line_1_23' title="bbox 108 2049 1065 2152; baseline 0.003 -43"><span class='ocrx_word' id='word_1_173' title='bbox 108 2062 137 2109; x_wconf 90' lang='lat' dir='ltr'>et</span> <span class='ocrx_word' id='word_1_174' title='bbox 151 2053 182 2110; x_wconf 87' lang='lat' dir='ltr'>S.</span> <span class='ocrx_word' id='word_1_175' title='bbox 206 2052 337 2110; x_wconf 83' lang='lat' dir='ltr'>Carnium</span> <span class='ocrx_word' id='word_1_176' title='bbox 356 2053 543 2109; x_wconf 87' lang='lat' dir='ltr'>Borromaeum</span> <span class='ocrx_word' id='word_1_177' title='bbox 570 2049 738 2109; x_wconf 88' lang='lat' dir='ltr'>adhortandi</span> <span class='ocrx_word' id='word_1_178' title='bbox 752 2058 819 2109; x_wconf 92' lang='lat' dir='ltr'>sunt</span> <span class='ocrx_word' id='word_1_179' title='bbox 844 2052 1022 2130; x_wconf 64' lang='lat' dir='ltr'>conjugasti</span> <span class='ocrx_word' id='word_1_180' title='bbox 1049 2074 1065 2152; x_wconf 48' lang='grc' dir='ltr'>ᾗ</span> 
     </span>
     <span class='ocr_line' id='line_1_24' title="bbox 112 2132 1065 2210; baseline 0.002 -21"><span class='ocrx_word' id='word_1_181' title='bbox 112 2144 176 2190; x_wconf 85' lang='lat' dir='ltr'>ante</span> <span class='ocrx_word' id='word_1_182' title='bbox 192 2134 424 2191; x_wconf 86' lang='lat' dir='ltr'>Communionem</span> <span class='ocrx_word' id='word_1_183' title='bbox 441 2132 1022 2210; x_wconf 76' lang='lat' dir='ltr'>poraiiquotdieseconcubituabstineent,</span> <span class='ocrx_word' id='word_1_184' title='bbox 1062 2157 1065 2166; x_wconf 59' lang='lat'><em>⁴</em></span> 
     </span>
     <span class='ocr_line' id='line_1_25' title="bbox 110 2213 1022 2292; baseline 0.003 -23"><span class='ocrx_word' id='word_1_185' title='bbox 110 2219 230 2292; x_wconf 84' lang='lat' dir='ltr'>seposito</span> <span class='ocrx_word' id='word_1_186' title='bbox 245 2224 337 2272; x_wconf 87' lang='lat' dir='ltr'>tamen</span> <span class='ocrx_word' id='word_1_187' title='bbox 353 2214 562 2272; x_wconf 74' lang='lat' dir='ltr'>incontinentiae</span> <span class='ocrx_word' id='word_1_188' title='bbox 591 2213 722 2290; x_wconf 88' lang='lat' dir='ltr'>periculo,</span> <span class='ocrx_word' id='word_1_189' title='bbox 743 2213 822 2270; x_wconf 91' lang='lat' dir='ltr'>etde</span> <span class='ocrx_word' id='word_1_190' title='bbox 846 2224 946 2273; x_wconf 90' lang='lat' dir='ltr'>mutuo</span> <span class='ocrx_word' id='word_1_191' title='bbox 971 2234 1022 2272; x_wconf 88' lang='lat' dir='ltr'>corr·</span> 
     </span>
     <span class='ocr_line' id='line_1_26' title="bbox 109 2295 1024 2373; baseline 0 -21"><span class='ocrx_word' id='word_1_192' title='bbox 109 2316 210 2353; x_wconf 88' lang='lat' dir='ltr'>sensu:</span> <span class='ocrx_word' id='word_1_193' title='bbox 234 2296 310 2352; x_wconf 90' lang='lat' dir='ltr'>unde</span> <span class='ocrx_word' id='word_1_194' title='bbox 323 2315 384 2373; x_wconf 90' lang='lat' dir='ltr'>pars</span> <span class='ocrx_word' id='word_1_195' title='bbox 406 2295 643 2352; x_wconf 85' lang='lat' dir='ltr'>communicatura</span> <span class='ocrx_word' id='word_1_196' title='bbox 659 2314 712 2352; x_wconf 93' lang='lat' dir='ltr'>nnn</span> <span class='ocrx_word' id='word_1_197' title='bbox 729 2302 818 2372; x_wconf 85' lang='lat' dir='ltr'>potest</span> <span class='ocrx_word' id='word_1_198' title='bbox 841 2314 876 2353; x_wconf 93' lang='lat' dir='ltr'>eo</span> <span class='ocrx_word' id='word_1_199' title='bbox 896 2303 1024 2373; x_wconf 76' lang='lat' dir='ltr'>pretextu</span> 
     </span>
     <span class='ocr_line' id='line_1_27' title="bbox 112 2375 1058 2455; baseline 0.003 -23"><span class='ocrx_word' id='word_1_200' title='bbox 112 2379 248 2454; x_wconf 84' lang='lat' dir='ltr'>comperti</span> <span class='ocrx_word' id='word_1_201' title='bbox 264 2377 371 2454; x_wconf 86' lang='lat' dir='ltr'>petenti</span> <span class='ocrx_word' id='word_1_202' title='bbox 387 2383 416 2433; x_wconf 90' lang='lat' dir='ltr'>et</span> <span class='ocrx_word' id='word_1_203' title='bbox 430 2377 537 2453; x_wconf 86' lang='lat' dir='ltr'>urgenti</span> <span class='ocrx_word' id='word_1_204' title='bbox 552 2375 678 2432; x_wconf 87' lang='lat' dir='ltr'>debiturn</span> <span class='ocrx_word' id='word_1_205' title='bbox 693 2395 801 2452; x_wconf 83' lang='lat' dir='ltr'>aegere,</span> <span class='ocrx_word' id='word_1_206' title='bbox 814 2375 864 2432; x_wconf 84' lang='lat' dir='ltr'>sed</span> <span class='ocrx_word' id='word_1_207' title='bbox 879 2377 1023 2455; x_wconf 72' lang='lat' dir='ltr'>ipsepntiis</span> <span class='ocrx_word' id='word_1_208' title='bbox 1053 2401 1058 2418; x_wconf 84' lang='lat'>=·</span> 
     </span>
     <span class='ocr_line' id='line_1_28' title="bbox 112 2427 1065 2556; baseline 0.002 -44"><span class='ocrx_word' id='word_1_209' title='bbox 112 2458 350 2514; x_wconf 82' lang='lat' dir='ltr'>Conrmunionern</span> <span class='ocrx_word' id='word_1_210' title='bbox 364 2455 517 2531; x_wconf 85' lang='lat' dir='ltr'>aliquando</span> <span class='ocrx_word' id='word_1_211' title='bbox 536 2455 603 2527; x_wconf 90' lang='lat' dir='ltr'>(non</span> <span class='ocrx_word' id='word_1_212' title='bbox 620 2464 712 2514; x_wconf 87' lang='lat' dir='ltr'>tamen</span> <span class='ocrx_word' id='word_1_213' title='bbox 728 2457 764 2514; x_wconf 90' lang='lat' dir='ltr'>ad</span> <span class='ocrx_word' id='word_1_214' title='bbox 778 2455 895 2534; x_wconf 84' lang='lat' dir='ltr'>longum</span> <span class='ocrx_word' id='word_1_215' title='bbox 910 2464 1023 2536; x_wconf 75' lang='lat' dir='ltr'>tempus)</span> <span class='ocrx_word' id='word_1_216' title='bbox 1053 2427 1065 2556; x_wconf 56' lang='grc' dir='ltr'><strong>Ξ</strong></span> 
     </span>
     <span class='ocr_line' id='line_1_29' title="bbox 1054 2561 1065 2586; baseline 0 0"><span class='ocrx_word' id='word_1_217' title='bbox 1054 2561 1065 2586; x_wconf 64' lang='grc' dir='ltr'><strong><em>Η</em></strong></span> 
     </span>
    </p>
   </div>
   <div class='ocr_carea' id='block_1_4' title="bbox 110 2534 1065 3672">
    <p class='ocr_par' dir='ltr' id='par_1_8' title="bbox 112 2534 801 2616">
     <span class='ocr_line' id='line_1_30' title="bbox 112 2534 801 2616; baseline -0.007 -20"><span class='ocrx_word' id='word_1_218' title='bbox 112 2540 318 2616; x_wconf 65' lang='lat' dir='ltr'>praetermittere</span> <span class='ocrx_word' id='word_1_219' title='bbox 330 2544 437 2595; x_wconf 86' lang='lat' dir='ltr'>tenetur</span> <span class='ocrx_word' id='word_1_220' title='bbox 446 2556 483 2594; x_wconf 88' lang='lat' dir='ltr'>ex</span> <span class='ocrx_word' id='word_1_221' title='bbox 496 2534 633 2594; x_wconf 91' lang='lat' dir='ltr'>decentia.</span> <span class='ocrx_word' id='word_1_222' title='bbox 795 2601 801 2608; x_wconf 35' lang='grc'><strong>,</strong></span> 
     </span>
    </p>

    <p class='ocr_par' dir='ltr' id='par_1_9' title="bbox 110 2615 1065 3054">
     <span class='ocr_line' id='line_1_31' title="bbox 151 2615 1027 2677; baseline 0.003 -3"><span class='ocrx_word' id='word_1_223' title='bbox 151 2621 246 2677; x_wconf 75' lang='lat' dir='ltr'>‚iuxta</span> <span class='ocrx_word' id='word_1_224' title='bbox 266 2621 405 2676; x_wconf 75' lang='lat' dir='ltr'>Sanctum</span> <span class='ocrx_word' id='word_1_225' title='bbox 432 2618 611 2675; x_wconf 83' lang='lat' dir='ltr'>Francisoum</span> <span class='ocrx_word' id='word_1_226' title='bbox 640 2615 781 2675; x_wconf 87' lang='lat' dir='ltr'>Seiesium</span> <span class='ocrx_word' id='word_1_227' title='bbox 809 2617 977 2677; x_wconf 81' lang='lat' dir='ltr'>Irrlrodunt.</span> <span class='ocrx_word' id='word_1_228' title='bbox 997 2619 1027 2676; x_wconf 83' lang='lat' dir='ltr'>cd</span> 
     </span>
     <span class='ocr_line' id='line_1_32' title="bbox 114 2697 1027 2779; baseline 0.001 -23"><span class='ocrx_word' id='word_1_229' title='bbox 114 2706 202 2758; x_wconf 80' lang='lat' dir='ltr'>ortem</span> <span class='ocrx_word' id='word_1_230' title='bbox 223 2700 352 2757; x_wconf 81' lang='lat' dir='ltr'>denotem</span> <span class='ocrx_word' id='word_1_231' title='bbox 367 2705 437 2777; x_wconf 87' lang='lat' dir='ltr'>part.</span> <span class='ocrx_word' id='word_1_232' title='bbox 452 2700 479 2755; x_wconf 77' lang='lat'>2.</span> <span class='ocrx_word' id='word_1_233' title='bbox 495 2718 556 2775; x_wconf 79' lang='lat' dir='ltr'>cap.</span> <span class='ocrx_word' id='word_1_234' title='bbox 579 2697 628 2755; x_wconf 79' lang='lat'>20.</span> <span class='ocrx_word' id='word_1_235' title='bbox 643 2697 775 2755; x_wconf 80' lang='lat' dir='ltr'>indecens</span> <span class='ocrx_word' id='word_1_236' title='bbox 790 2703 875 2757; x_wconf 89' lang='lat' dir='ltr'>etiarn</span> <span class='ocrx_word' id='word_1_237' title='bbox 891 2709 945 2772; x_wconf 88' lang='lat' dir='ltr'>est,</span> <span class='ocrx_word' id='word_1_238' title='bbox 966 2699 1027 2779; x_wconf 84' lang='lat' dir='ltr'>qudd</span> 
     </span>
     <span class='ocr_line' id='line_1_33' title="bbox 111 2777 1027 2859; baseline 0.001 -23"><span class='ocrx_word' id='word_1_239' title='bbox 111 2796 180 2858; x_wconf 77' lang='lat' dir='ltr'>pars,</span> <span class='ocrx_word' id='word_1_240' title='bbox 204 2801 265 2859; x_wconf 83' lang='lat' dir='ltr'>quae</span> <span class='ocrx_word' id='word_1_241' title='bbox 280 2780 502 2846; x_wconf 87' lang='lat' dir='ltr'>communicavit,</span> <span class='ocrx_word' id='word_1_242' title='bbox 532 2780 593 2857; x_wconf 75' lang='lat' dir='ltr'>ipset</span> <span class='ocrx_word' id='word_1_243' title='bbox 607 2778 653 2835; x_wconf 92' lang='lat' dir='ltr'>die</span> <span class='ocrx_word' id='word_1_244' title='bbox 681 2777 893 2840; x_wconf 75' lang='lat' dir='ltr'>communionis</span> <span class='ocrx_word' id='word_1_245' title='bbox 911 2779 1027 2843; x_wconf 85' lang='lat' dir='ltr'>debitum</span> 
     </span>
     <span class='ocr_line' id='line_1_34' title="bbox 110 2860 1065 2964; baseline 0.002 -46"><span class='ocrx_word' id='word_1_246' title='bbox 110 2863 258 2939; x_wconf 84' lang='lat' dir='ltr'>conjugale</span> <span class='ocrx_word' id='word_1_247' title='bbox 272 2865 385 2941; x_wconf 83' lang='lat' dir='ltr'>exignt;</span> <span class='ocrx_word' id='word_1_248' title='bbox 411 2863 549 2938; x_wconf 89' lang='lat' dir='ltr'>comperti</span> <span class='ocrx_word' id='word_1_249' title='bbox 561 2869 654 2917; x_wconf 86' lang='lat' dir='ltr'>tamen</span> <span class='ocrx_word' id='word_1_250' title='bbox 670 2863 773 2940; x_wconf 89' lang='lat' dir='ltr'>petenti</span> <span class='ocrx_word' id='word_1_251' title='bbox 795 2870 824 2918; x_wconf 90' lang='lat' dir='ltr'>et</span> <span class='ocrx_word' id='word_1_252' title='bbox 845 2867 955 2940; x_wconf 85' lang='lat' dir='ltr'>urgenti</span> <span class='ocrx_word' id='word_1_253' title='bbox 976 2860 1026 2920; x_wconf 90' lang='lat' dir='ltr'>red-</span> <span class='ocrx_word' id='word_1_254' title='bbox 1057 2870 1065 2964; x_wconf 58' lang='grc' dir='ltr'>ἰ</span> 
     </span>
     <span class='ocr_line' id='line_1_35' title="bbox 110 2943 1065 3054; baseline 0.003 -55"><span class='ocrx_word' id='word_1_255' title='bbox 110 2943 175 3000; x_wconf 82' lang='lat' dir='ltr'>dero</span> <span class='ocrx_word' id='word_1_256' title='bbox 190 2951 308 3002; x_wconf 87' lang='lat' dir='ltr'>tenetur.</span> <span class='ocrx_word' id='word_1_257' title='bbox 747 3010 751 3019; x_wconf 33' lang='grc' dir='ltr'>Ι</span> <span class='ocrx_word' id='word_1_258' title='bbox 1059 2973 1065 3054; x_wconf 38' lang='lat' dir='ltr'>r</span> 
     </span>
    </p>

    <p class='ocr_par' dir='ltr' id='par_1_10' title="bbox 111 3020 1029 3420">
     <span class='ocr_line' id='line_1_36' title="bbox 154 3020 1028 3100; baseline 0 -18"><span class='ocrx_word' id='word_1_259' title='bbox 154 3025 257 3082; x_wconf 69' lang='lat' dir='ltr'>dinoot</span> <span class='ocrx_word' id='word_1_260' title='bbox 270 3028 403 3100; x_wconf 70' lang='lat' dir='ltr'>steyaert</span> <span class='ocrx_word' id='word_1_261' title='bbox 417 3026 448 3080; x_wconf 83' lang='lat' dir='ltr'>z&#39;n</span> <span class='ocrx_word' id='word_1_262' title='bbox 463 3020 701 3080; x_wconf 74' lang='lat' dir='ltr'>conclusionibus</span> <span class='ocrx_word' id='word_1_263' title='bbox 710 3025 863 3099; x_wconf 76' lang='lat' dir='ltr'>practicis</span> <span class='ocrx_word' id='word_1_264' title='bbox 886 3025 925 3082; x_wconf 84' lang='lat' dir='ltr'>de</span> <span class='ocrx_word' id='word_1_265' title='bbox 937 3024 1028 3083; x_wconf 82' lang='lat' dir='ltr'>Admi-</span> 
     </span>
     <span class='ocr_line' id='line_1_37' title="bbox 111 3102 1027 3184; baseline 0.004 -23"><span class='ocrx_word' id='word_1_266' title='bbox 111 3109 287 3164; x_wconf 79' lang='lat' dir='ltr'>rrr‘slrnlr‘one</span> <span class='ocrx_word' id='word_1_267' title='bbox 302 3104 503 3172; x_wconf 79' lang='lat' dir='ltr'>Euclrnrr&#39;etiae,</span> <span class='ocrx_word' id='word_1_268' title='bbox 526 3102 602 3180; x_wconf 68' lang='lat' dir='ltr'>quiid</span> <span class='ocrx_word' id='word_1_269' title='bbox 617 3104 677 3161; x_wconf 86' lang='lat' dir='ltr'>haec</span> <span class='ocrx_word' id='word_1_270' title='bbox 688 3104 749 3181; x_wconf 87' lang='lat' dir='ltr'>jam</span> <span class='ocrx_word' id='word_1_271' title='bbox 760 3103 837 3162; x_wconf 86' lang='lat' dir='ltr'>dicte</span> <span class='ocrx_word' id='word_1_272' title='bbox 850 3125 902 3163; x_wconf 89' lang='lat' dir='ltr'>nen</span> <span class='ocrx_word' id='word_1_273' title='bbox 914 3105 1027 3184; x_wconf 77' lang='lat' dir='ltr'>publice,</span> 
     </span>
     <span class='ocr_line' id='line_1_38' title="bbox 111 3185 1029 3260; baseline 0.004 -18"><span class='ocrx_word' id='word_1_274' title='bbox 111 3208 163 3244; x_wconf 84' lang='lat' dir='ltr'>neo</span> <span class='ocrx_word' id='word_1_275' title='bbox 178 3191 258 3244; x_wconf 81' lang='lat' dir='ltr'>nimis</span> <span class='ocrx_word' id='word_1_276' title='bbox 274 3185 368 3242; x_wconf 80' lang='lat' dir='ltr'>aurare</span> <span class='ocrx_word' id='word_1_277' title='bbox 381 3186 437 3242; x_wconf 88' lang='lat' dir='ltr'>sint</span> <span class='ocrx_word' id='word_1_278' title='bbox 449 3185 590 3260; x_wconf 79' lang='lat' dir='ltr'>urgende3</span> <span class='ocrx_word' id='word_1_279' title='bbox 606 3193 768 3244; x_wconf 86' lang='lat' dir='ltr'>nontamen</span> <span class='ocrx_word' id='word_1_280' title='bbox 780 3189 894 3243; x_wconf 91' lang='lat' dir='ltr'>omnino</span> <span class='ocrx_word' id='word_1_281' title='bbox 908 3187 1029 3257; x_wconf 86' lang='lat' dir='ltr'>tacende,</span> 
     </span>
     <span class='ocr_line' id='line_1_39' title="bbox 111 3264 1029 3346; baseline 0.005 -23"><span class='ocrx_word' id='word_1_282' title='bbox 111 3269 160 3325; x_wconf 84' lang='lat' dir='ltr'>sed</span> <span class='ocrx_word' id='word_1_283' title='bbox 184 3274 309 3346; x_wconf 82' lang='lat' dir='ltr'>tempore</span> <span class='ocrx_word' id='word_1_284' title='bbox 323 3275 351 3323; x_wconf 87' lang='lat' dir='ltr'>et</span> <span class='ocrx_word' id='word_1_285' title='bbox 373 3265 435 3324; x_wconf 91' lang='lat' dir='ltr'>loco</span> <span class='ocrx_word' id='word_1_286' title='bbox 449 3267 541 3344; x_wconf 81' lang='lat' dir='ltr'>potius</span> <span class='ocrx_word' id='word_1_287' title='bbox 556 3264 707 3333; x_wconf 84' lang='lat' dir='ltr'>suadenda,</span> <span class='ocrx_word' id='word_1_288' title='bbox 728 3265 770 3324; x_wconf 86' lang='lat' dir='ltr'>vel</span> <span class='ocrx_word' id='word_1_289' title='bbox 793 3265 965 3338; x_wconf 80' lang='lat' dir='ltr'>catechismi</span> <span class='ocrx_word' id='word_1_290' title='bbox 979 3269 1029 3327; x_wconf 88' lang='lat' dir='ltr'>Ro·</span> 
     </span>
     <span class='ocr_line' id='line_1_40' title="bbox 113 3347 552 3420; baseline 0.002 -17"><span class='ocrx_word' id='word_1_291' title='bbox 113 3352 199 3420; x_wconf 83' lang='lat' dir='ltr'>mani,</span> <span class='ocrx_word' id='word_1_292' title='bbox 220 3349 261 3406; x_wconf 84' lang='lat' dir='ltr'>vel</span> <span class='ocrx_word' id='word_1_293' title='bbox 276 3348 442 3404; x_wconf 84' lang='lat' dir='ltr'>Sanctorum</span> <span class='ocrx_word' id='word_1_294' title='bbox 455 3347 552 3404; x_wconf 87' lang='lat' dir='ltr'>verbis.</span> 
     </span>
    </p>

    <p class='ocr_par' dir='ltr' id='par_1_11' title="bbox 110 3424 1031 3672">
     <span class='ocr_line' id='line_1_41' title="bbox 155 3424 1030 3510; baseline 0.006 -26"><span class='ocrx_word' id='word_1_295' title='bbox 155 3430 265 3486; x_wconf 85' lang='lat' dir='ltr'>Deinde</span> <span class='ocrx_word' id='word_1_296' title='bbox 280 3449 315 3486; x_wconf 89' lang='lat' dir='ltr'>ex</span> <span class='ocrx_word' id='word_1_297' title='bbox 332 3427 413 3487; x_wconf 90' lang='lat' dir='ltr'>dictis</span> <span class='ocrx_word' id='word_1_298' title='bbox 426 3426 501 3485; x_wconf 81' lang='lat' dir='ltr'>rente</span> <span class='ocrx_word' id='word_1_299' title='bbox 515 3424 596 3485; x_wconf 86' lang='lat' dir='ltr'>infert</span> <span class='ocrx_word' id='word_1_300' title='bbox 610 3425 752 3494; x_wconf 78' lang='lat' dir='ltr'>eifortiori,</span> <span class='ocrx_word' id='word_1_301' title='bbox 765 3449 818 3486; x_wconf 90' lang='lat' dir='ltr'>non</span> <span class='ocrx_word' id='word_1_302' title='bbox 830 3429 1030 3510; x_wconf 80' lang='lat' dir='ltr'>statimritiagi·</span> 
     </span>
     <span class='ocr_line' id='line_1_42' title="bbox 110 3507 1031 3591; baseline 0.002 -24"><span class='ocrx_word' id='word_1_303' title='bbox 110 3510 156 3567; x_wconf 88' lang='lat' dir='ltr'>tiis</span> <span class='ocrx_word' id='word_1_304' title='bbox 165 3513 318 3568; x_wconf 88' lang='lat' dir='ltr'>commissis</span> <span class='ocrx_word' id='word_1_305' title='bbox 327 3511 363 3567; x_wconf 88' lang='lat' dir='ltr'>ed</span> <span class='ocrx_word' id='word_1_306' title='bbox 374 3508 490 3567; x_wconf 81' lang='lat' dir='ltr'>Sacram</span> <span class='ocrx_word' id='word_1_307' title='bbox 502 3507 737 3567; x_wconf 72' lang='lat' dir='ltr'>communionem</span> <span class='ocrx_word' id='word_1_308' title='bbox 750 3509 816 3584; x_wconf 85' lang='lat' dir='ltr'>(nisi</span> <span class='ocrx_word' id='word_1_309' title='bbox 826 3509 907 3588; x_wconf 85' lang='lat' dir='ltr'>juste</span> <span class='ocrx_word' id='word_1_310' title='bbox 916 3515 1031 3591; x_wconf 83' lang='lat' dir='ltr'>etgreris</span> 
     </span>
     <span class='ocr_line' id='line_1_43' title="bbox 112 3588 1030 3672; baseline 0.007 -25"><span class='ocrx_word' id='word_1_311' title='bbox 112 3589 263 3650; x_wconf 80' lang='lat' dir='ltr'>admodum</span> <span class='ocrx_word' id='word_1_312' title='bbox 278 3611 363 3649; x_wconf 83' lang='lat' dir='ltr'>neusa</span> <span class='ocrx_word' id='word_1_313' title='bbox 377 3588 486 3670; x_wconf 82' lang='lat' dir='ltr'>urgeat)</span> <span class='ocrx_word' id='word_1_314' title='bbox 513 3589 691 3651; x_wconf 85' lang='lat' dir='ltr'>remittendos</span> <span class='ocrx_word' id='word_1_315' title='bbox 705 3610 766 3649; x_wconf 88' lang='lat' dir='ltr'>esse</span> <span class='ocrx_word' id='word_1_316' title='bbox 787 3591 859 3666; x_wconf 85' lang='lat' dir='ltr'>ilios,</span> <span class='ocrx_word' id='word_1_317' title='bbox 880 3595 928 3672; x_wconf 90' lang='lat' dir='ltr'>qui</span> <span class='ocrx_word' id='word_1_318' title='bbox 942 3592 969 3652; x_wconf 90' lang='lat' dir='ltr'>in</span> <span class='ocrx_word' id='word_1_319' title='bbox 983 3592 1030 3653; x_wconf 85' lang='lat' dir='ltr'>ior·</span> 
     </span>
    </p>
   </div>
   <div class='ocr_carea' id='block_1_5' title="bbox 0 0 1073 3990">
    <p class='ocr_par' dir='ltr' id='par_1_12' title="bbox 0 0 1073 3990">
     <span class='ocr_line' id='line_1_44' title="bbox 0 0 1073 3990; baseline 0 0"><span class='ocrx_word' id='word_1_320' title='bbox 0 0 1073 3990; x_wconf 95' lang='lat' dir='ltr'> </span> 
     </span>
    </p>
   </div>
  </div>
 </body>
</html>
