2136 3984
297 176 340 219 na
352 172 611 220 saoaauaiurism
626 173 765 220 ananan.
958 156 997 221 io

71 324 154 406 qualis
165 323 250 396 roni,
270 320 415 382 siLai'ous
428 320 524 387 latina
546 320 650 399 lingua
663 322 775 398 ignarus
788 321 950 402 baptizaret
961 326 990 384 in

72 411 229 467 incomitata
243 406 275 463 in
289 405 387 482 lingua
399 403 520 480 vulgari3
542 405 600 460 imo
612 403 654 461 sio
666 401 728 461 fieri
737 407 824 463 tutius
837 402 917 464 foret.

102 486 150 547 sia
162 489 252 545 etiarn
266 498 332 543 cum
347 483 487 561 cajetano
499 481 591 562 plures
604 491 710 557 nomnt,
730 487 914 544 mutationem
928 494 989 546 tan·

67 568 122 627 tini
135 588 199 627 esso
221 564 428 629 {accidentalem¹
447 562 562 642 praecise
577 583 616 623 ex
630 581 674 638 eo,
694 564 876 644 quddiorma
888 573 992 647 partia·

65 646 123 710 liter
130 647 290 729 proferatur
302 646 418 705 diuersis
430 644 620 707 idiomatibus.

99 731 156 790 lli.
170 730 215 788 2⁰·
233 726 475 796 Mutaturforma,
496 727 521 783 si
544 726 620 784 intra
638 725 713 785 idem
728 727 833 788 idioma
845 740 992 790 sumantur

61 810 329 890 mbo-synonyma
350 828 401 888 pro
413 808 478 878 illis,
497 807 599 885 quibus
615 807 746 867 Ecclesia
758 812 859 884 utitur;
881 812 990 891 eritque

62 895 181 952 mutatio
206 890 322 950 tantum
349 886 541 953 accidentalis,
562 890 586 946 si
608 908 646 947 cx
660 891 803 949 communi
816 911 899 950 sensu
912 892 989 951 idem

60 974 225 1052 significent,
247 990 302 1029 nori
316 975 426 1031 tautiim
441 967 535 1048 quoad
550 988 620 1043 rem,
640 969 691 1029 aad
711 972 797 1029 etiarn
811 972 945 1051 explicite
958 983 988 1032 et

59 1053 200 1127 distincte,
219 1054 276 1110 sive
289 1052 314 1110 si
337 1051 415 1116 idem
427 1049 585 1127 significent
597 1049 696 1109 eodeni
710 1050 805 1111 modo.
846 1054 927 1113 Hinc
940 1075 986 1112 va·

55 1134 120 1195 leret
134 1135 309 1213 Baptismus,
323 1135 347 1191 si
356 1133 420 1191 loco
436 1130 571 1207 Rapina,
588 1131 723 1191 diceretur
736 1131 823 1192 abluo
831 1136 877 1193 vel·
885 1137 983 1213 ting03

56 1236 108 1277 uon
121 1224 231 1287 tameo,
251 1218 275 1273 si
296 1214 430 1272 diceretur
443 1213 548 1270 mundo
561 1211 602 1270 vel
612 1230 731 1291 purgo:
751 1215 818 1293 quia
832 1215 917 1274 debet
929 1219 983 1295 aig·

57 1298 162 1356 nitieari
175 1299 205 1355 in
223 1296 366 1374 Baptiamo
379 1301 557 1372 peccatorum
578 1292 725 1352 mundatio
739 1314 788 1374 per
802 1295 919 1356 moduni
933 1298 984 1356 ab·

57 1376 180 1439 lationis.
224 1378 290 1436 Nec
312 1378 398 1434 etiam
417 1374 530 1446 valeret,
549 1375 572 1430 ai
600 1377 661 1453 quia
688 1374 815 1434 diceret:
835 1380 855 1410 ‘⁴
870 1378 933 1456 Ego
955 1388 984 1437 ie

58 1458 167 1538 liaptino
184 1460 214 1517 in
229 1459 342 1517 nomine
356 1455 544 1514 Sanctissimis
559 1455 708 1515 Trinitatis
719 1456 746 1518 :'’
762 1459 830 1534 quia
844 1479 896 1518 uox
917 1459 983 1518 Tri-

57 1540 134 1600 nitas
145 1560 205 1599 non
226 1539 367 1617 significat
386 1536 462 1596 ideni
477 1534 578 1593 eodem
592 1535 694 1607 modo;
717 1558 772 1596 non
787 1541 862 1597 enim
875 1541 982 1617 signifi·

57 1632 100 1680 cat
110 1626 251 1699 deprecer>
265 1620 387 1689 Patrem,
411 1617 517 1680 Filium
537 1624 567 1674 et
580 1616 714 1695 Spiritum
727 1618 875 1678 Sanctum.

93 1701 208 1761 1v.30·
226 1701 355 1759 Mutatur
379 1699 469 1758 forma
495 1716 545 1776 por
572 1701 813 1776 transpositionem
826 1701 985 1777 verborum,

56 1781 89 1843 da
101 1803 158 1863 qua
171 1783 248 1842 idam
263 1785 300 1840 eit
309 1779 502 1860 judicium'ao
515 1797 608 1856 supra.
651 1779 731 1838 Hinc
743 1781 830 1840 valori
845 1782 983 1862 Baptismi

56 1884 108 1923 non
121 1864 247 1936 obesset,
266 1864 291 1921 ai
312 1863 374 1941 quis
388 1860 509 1919 diceret:
534 1862 551 1891 ¹‘
567 1860 729 1918 innomine
744 1862 842 1937 Patris,
857 1874 887 1922 et
904 1863 980 1935 Filii,

55 1954 81 2002 et
92 1945 217 2025 Spiritus
240 1947 337 2002 Sancti
350 1961 408 2018 ego
420 1950 450 2000 te
464 1940 605 2017 Baptr‘z03
627 1943 688 2001 liae
710 1951 805 2003 tamen
834 1944 906 2004 forst
917 1947 980 2006 sub-

57 2028 209 2086 stantialis:
235 2025 337 2084 Patris
360 2042 413 2100 ego
435 2031 464 2079 to
487 2021 611 2099 baptizo,
636 2025 706 2081 etin
728 2027 842 2082 nomine
856 2026 929 2100 Filii,
951 2040 981 2086 et

54 2106 168 2186 Spiritus
194 2107 292 2165 Sancti
302 2105 329 2179 ;”
349 2106 422 2163 sicut
442 2115 470 2161 ot
494 2101 556 2160 hac
576 2103 668 2160 forma
681 2104 876 2179 Euchadiae,
893 2107 980 2186 juxta

55 2186 196 2269 Wiggers:
209 2197 228 2220 ¹⁴
245 2186 313 2245 Hoc
326 2204 426 2275 corpus
439 2192 481 2242 est
492 2183 617 2257 meum‚'’
631 2186 673 2242 ita
687 2194 869 2263 utcorpuaso
883 2196 991 2249 tonent*

52 2284 180 2385 exparte
193 2267 325 2363 subjecti.
363 2304 366 2311 ·
405 2349 411 2362 ⁸
639 2349 645 2361 ·

87 2350 104 2410 l
116 2395 125 2410 .
139 2356 184 2410 4⁰·
201 2350 256 2409 Per
268 2355 495 2427 interruptionem
507 2349 536 2406 in
547 2346 701 2426 prolatione
711 2348 975 2422 verborumiormoe;

51 2448 83 2489 an
106 2439 203 2491 autem
224 2429 370 2490 inducatur
383 2431 500 2487 mutatio
524 2427 714 2488 substantialis
727 2430 771 2488 vel
784 2431 975 2504 accidentalis,

50 2512 151 2590 pendet
163 2532 203 2571 ax
218 2532 261 2582 eo,
283 2531 320 2569 an
347 2530 426 2569 mora
451 2512 656 2586 interruptionis
673 2509 760 2587 juxta
773 2532 976 2573 seusumcoin-

49 2609 162 2654 munem
175 2599 295 2673 separet,
309 2612 344 2650 an
353 2596 415 2649 vero
425 2590 566 2648 moraliter
578 2590 806 2668 relinquatunam
819 2596 976 2653 orationem

49 2682 176 2735 etnnum
197 2693 326 2744 sensum3
349 2681 378 2732 et
400 2671 467 2730 hino
489 2670 563 2729 foret
584 2677 695 2730 tantiim
715 2674 975 2733 mutatioacoiden-

48 2754 116 2832 talis,
136 2759 163 2815 si
176 2759 239 2836 quia
249 2757 322 2815 intor
334 2752 417 2811 verba
429 2751 526 2810 formae
539 2753 624 2811 semel
635 2757 783 2812 sternuerit
796 2754 837 2810 vel
852 2755 973 2815 tussitat:

46 2837 84 2896 iio
109 2839 208 2911 stiam,
249 2845 376 2914 ostquam
406 2833 536 2892 Minister
563 2833 653 2891 dixit:
674 2837 693 2864 ‘⁶
709 2835 772 2911 ligo
786 2843 814 2891 te
828 2833 974 2914 Baptiao,'’

46 2917 186 2978 ridiceret
199 2856 389 2976 fulcientibus
401 2921 508 2990 tacete,
528 2924 558 2972 ct
584 2933 654 2972 mox
667 2914 855 2992 subjungeret,
878 2916 907 2975 in
922 2938 974 2975 no·

45 3000 118 3059 aune
131 2999 248 3071 Patria,
268 2995 323 3056 &a
337 2998 497 3056 subsisteret
510 2999 731 3054 Sacramentum.

80 3079 177 3140 Recte
191 3087 271 3140 notat
284 3079 390 3147 Gonet,
412 3076 487 3156 qudd
506 3076 721 3136 discoutinuatio
734 3079 805 3138 inter
828 3076 900 3137 duas
913 3078 973 3157 ayl-

44 3160 120 3221 lahaa
147 3160 278 3240 ejusdem
306 3159 436 3218 dictionis
457 3157 571 3225 facilius
597 3156 678 3215 tollat
691 3177 803 3217 sensum
817 3159 972 3230 verborum,

44 3245 126 3322 quim
140 3246 166 3302 si
179 3241 231 3300 fiat
240 3243 313 3300 inter
336 3240 406 3299 duas
420 3238 571 3309 dictiones3
594 3247 624 3298 ot
635 3237 703 3297 hine
718 3240 807 3298 obiter
819 3238 973 3301 notandum

44 3344 106 3385 oum
118 3326 264 3402 steyaert,
286 3320 423 3402 quosdam
445 3323 486 3380 ita
506 3323 685 3399 pronuntiare
704 3321 790 3378 verba
802 3340 882 3379 sacra
897 3321 971 3381 Con-

44 3408 211 3479 iooi’utionis,
244 3413 277 3464 ut
301 3422 392 3481 neque
419 3421 484 3460 cum
511 3399 740 3480 praecedentibus,
776 3419 866 3479 nequo
901 3405 973 3463 inter

90 3488 162 3545 satis
176 3485 337 3544 cohaereant
358 3492 491 3560 tanquam
506 3503 564 3541 una
578 3481 705 3560 quaedam
719 3483 827 3541 oratio:
848 3484 923 3564 quod
939 3497 972 3542 ut

44 3569 188 3627 minimum
204 3566 337 3625 indecens
350 3573 380 3624 et
392 3566 521 3623 vitiosum
537 3571 586 3622 est.

75 3646 131 3707 VJ.
147 3648 192 3725 df·
211 3648 344 3704 Mutatur
366 3643 458 3704 forma
469 3664 524 3726 per
546 3643 738 3720 additionem,
757 3645 798 3707 de
812 3667 876 3728 cpia
887 3653 997 3705 estea·

44 3721 92 3782 'em
113 3730 350 3803 rattoacaupra:
370 3734 401 3787 ot
413 3726 486 3789 ltine
500 3730 524 3790 si
556 3733 621 3816 quis
649 3752 722 3797 cum
738 3734 861 3794 Arianis
869 3728 1014 3808 napina-

470 3817 520 3875 ot
