2130 3990
97 164 158 229 tre
461 160 653 231 'emmanue
669 196 674 205 ·

89 334 210 397 tinctus:
231 333 260 389 et
274 328 389 409 'quidem
402 336 513 391 tenetur
525 332 740 391 Sacramentum
751 324 905 407 tueeipere,
919 332 953 385 nt
964 322 1022 385 die·

90 421 152 472 tum
166 419 207 471 etl
221 411 313 471 Num.
327 411 373 469 18.
388 410 476 490 hnjna
489 413 589 473 Tract.

130 491 178 552 An
192 494 280 553 etiam
293 512 389 552 carent
401 500 518 571 peceato
531 490 680 572 originali?
1057 542 1060 547 .

131 574 173 632 ΙΙ.
200 574 237 632 R.
261 571 457 633 Affirmetivie:
478 577 544 652 quia
558 574 719 654 Baptismus
732 574 752 633 ἃ
764 568 881 633 Christe
894 570 1019 631 Domine

88 657 227 715 institutus
250 664 295 714 eat
316 676 372 715 nnn
386 655 477 713 sotem
496 656 526 714 in
541 657 648 732 peccati
662 654 804 733 originalia
816 655 1016 723 emissionem,

88 735 141 795 sed
163 736 299 805 maxime,
321 746 354 795 ιιι
375 738 438 813 qnia
459 737 601 814 perillum
615 739 808 815 ineerporctnr
823 733 971 801 Ecclesiae¹
991 743 1019 793 et

89 838 185 897 capax
198 817 249 876 liet
261 816 298 877 ad
313 817 491 895 suscipienda
505 818 640 877 Ecclesia
653 822 851 879 Sacramenta.

131 900 208 957 Hinc
229 898 339 975 collige,
360 897 436 976 qued
449 899 563 977 possint.
594 897 772 975 debeantque
798 896 949 975 baptizari,
970 897 1017 973 qni

86 979 315 1123 jfflu'ltdfioefi
333 991 395 1039 aunt
414 998 463 1059 per
476 979 654 1060 Bapticmnm
665 977 797 1052 fimena,
808 985 844 1039 ut
863 975 1018 1047 Comme,

118 1082 134 1120 c
166 1081 188 1120 r.
243 1102 251 1119 .

130 1142 206 1201 Item
224 1142 273 1220 qni
291 1140 411 1220 jamjam
438 1140 579 1223 Martyrie
592 1136 761 1201 afficiendus
771 1147 825 1215 σοι,
843 1140 870 1203 ni
882 1138 1017 1219 baptizari

88 1225 193 1304 penait3
215 1232 247 1283 nt
260 1223 382 1281 Sanctus
397 1223 542 1285 &manua
552 1223 581 1281 in
596 1224 655 1281 vite·
665 1222 765 1285 Sancti
781 1222 943 1287 merendi.

130 1302 267 1364 Similiter
275 1307 336 1363 nati
346 1303 408 1363 sind
422 1312 540 1383 peccate
553 1303 691 1381 originali¹
704 1305 788 1365 veluti
801 1306 933 1367 Jeanrtffl
946 1300 1015 1381 ΒΨ

86 1388 153 1445 tistn
164 1387 193 1445 in
207 1393 290 1445 utero
301 1385 504 1460 sanctificatus,
525 1393 555 1443 et
570 1386 644 1445 Diva
659 1385 749 1464 Virgo
762 1385 799 1445 eb
812 1386 893 1445 omni
904 1390 1017 1463 peccate

159 1486 195 1525 un
223 1511 230 1525 .
718 1518 721 1523 .
826 1514 829 1521 .

86 1486 188 1628 1Ἢ]
194 1487 364 1628 1⁸Renpeeta
378 1543 443 1624 jem
450 1545 595 1626 justificati
607 1567 663 1607 non
677 1548 858 1609 retinentur
869 1545 956 1607 verba
965 1542 1014 1607 ter-
1057 1496 1061 1625 l

89 1650 161 1689 mn:
182 1629 254 1707 Ego
268 1636 297 1688 te
311 1628 446 1707 leptim
470 1648 537 1708 erge
560 1629 624 1689 talis
646 1627 753 1689 videtur
773 1626 927 1708 nequidem
939 1645 1015 1707 pom
1052 1636 1061 1705 j

89 1714 126 1770 be
147 1714 237 1773 tizari.
893 1762 901 1769 .

126 1731 168 1850 lt.
195 1792 280 1868 Nego
301 1789 430 1849 anteced.
449 1793 517 1868 qnia
531 1789 602 1849 illud
615 1789 730 1849 verbum
743 1790 862 1868 baplmo
874 1788 1012 1869 significa
1042 1714 1061 1859 l

89 1874 209 1953 gratiam
228 1878 366 1950 quantem
387 1872 479 1931 eatde
502 1892 531 1929 ee
555 1870 719 1939 abennem,
739 1875 764 1930 ei
775 1890 879 1951 nempe
898 1873 1014 1951 reperet
1051 1876 1061 1963 'f

89 1952 167 2034 quod
180 1953 296 2024 abluet;
314 1971 364 2031 per
373 1952 504 2011 accidens
513 1962 608 2011 antem
615 1960 670 2025 eat,
680 1952 757 2028 qued
767 1952 835 2011 nihil
845 1950 1012 2015 abluendum
1052 1972 1061 2013 ι

90 2040 135 2095 sit.
177 2033 315 2093 Similiter
328 2032 423 2106 mode,
437 2054 493 2111 quc
506 2035 536 2093 in
550 2033 733 2093 Sacranrento
747 2033 926 2095 Poenitentiae
939 2030 1014 2091 rerba
1052 2036 1061 2103 ᾗ

89 2116 194 2185 formae,
214 2115 286 2192 Ege
311 2124 339 2172 tc
361 2114 487 2184 absolvo,
508 2114 691 2187 verificantur,
712 2115 781 2174 licet
801 2115 894 2174 solnm
915 2112 1015 2175 cedant
1051 2108 1061 2185 i

89 2201 119 2255 in
133 2205 251 2276 peccate
260 2196 322 2274 jem
336 2205 402 2256 ante
414 2196 519 2255 directe
533 2199 658 2255 remissa.
1052 2192 1061 2283 's

132 2279 261 2337 Christus
286 2278 425 2336 Dominus
448 2285 541 2337 tamen
567 2278 714 2355 Baptismn
728 2295 784 2333 non
798 2277 896 2352 eguit3
916 2274 1014 2333 etenim
1052 2288 1060 2357 t

89 2380 146 2418 non
160 2358 272 2417 tentdm
286 2357 323 2415 ab
336 2362 415 2417 omni
428 2368 545 2437 peccato
559 2357 615 2416 init
627 2361 765 2427 immunis,
786 2357 837 2415 aed
850 2376 906 2415 nec
920 2353 1013 2415 Eccle-
1056 2358 1061 2417 ξ

89 2444 145 2510 aia,
168 2439 248 2518 cujus
262 2442 321 2519 ipae
335 2438 430 2518 Caput
442 2447 494 2512 est,
515 2438 613 2497 debuit
625 2440 802 2517 incorporeri.
901 2460 904 2465 ’
1059 2450 1061 2455 “

90 2601 130 2660 N.
145 2601 194 2660 21.
218 2599 276 2660 AN
291 2599 511 2660 INFANTES
530 2599 652 2659 ANTE
672 2599 791 2660 USUM
815 2595 1014 2660 timonis

314 2681 460 2741 RncTn
482 2676 812 2741 BAPTIZANTURi

335 2841 368 2902 S.
386 2843 485 2902 Trom.
501 2851 602 2922 quaect.
618 2840 657 2900 68
682 2851 736 2902 art.
748 2840 777 2899 9.

92 3004 117 3064 1.
142 3004 236 3065 Recte
250 3003 437 3082 baptmantnv
450 3002 590 3084 infantes.

136 3168 158 3226 1.
174 3167 267 3226 Rnsr.
283 3163 456 3225 Affirmetiva
466 3174 562 3227 contre
572 3166 771 3245 Anabaptistea
783 3163 845 3244 (qui
858 3166 887 3222 in
901 3164 1017 3224 infantie

93 3247 250 3326 baptizatos
258 3247 484 3326 rebaptizabant)
494 3249 613 3306 definite
621 3258 663 3308 est
678 3252 705 3307 in
717 3248 806 3306 Conc.
821 3245 901 3305 Trid.
912 3265 976 3305 aeas.
991 3244 1016 3302 7.

94 3347 156 3386 can.
176 3329 222 3386 13.
236 3332 271 3388 de
286 3328 445 3406 Bapliema
469 3330 606 3387 Probatur
614 3330 750 3408 imprimis
761 3349 800 3387 ex
810 3347 922 3387 summa
936 3327 1018 3406 hujus

93 3412 271 3468 Sacramenti
284 3412 456 3480 necessitate,
467 3412 553 3468 etiem
563 3428 611 3487 pro
625 3411 757 3489 pervelim
779 3411 931 3488 generatim
944 3411 1020 3467 enim
1034 3447 1037 3453 ,

95 3489 196 3551 dicitnr
208 3492 294 3549 donn.
310 3512 373 3571 cap.
387 3491 416 3549 3.
430 3511 455 3549 v.
469 3493 498 3549 5.
515 3491 591 3549 Nisi
602 3495 668 3566 quia
681 3501 803 3550 renatus
805 3490 918 3568 suerit,
933 3487 991 3549 dcc.

137 3571 249 3629 Deinde
270 3593 309 3630 ex
335 3576 469 3633 continue
483 3572 621 3632 Ecclesiae
630 3591 682 3631 neu
696 3581 726 3631 et
738 3575 835 3652 praxi:
857 3571 933 3631 unde
952 3571 1020 3650 legi·

94 3670 158 3711 mus
172 3654 268 3712 Actor.
286 3652 333 3713 10.
347 3664 376 3714 et
391 3657 437 3717 19.
450 3663 480 3715 et
491 3654 568 3725 alibi,
588 3655 708 3731 integras
720 3652 843 3716 familiae
855 3653 1022 3732 baptizate,

92 3735 235 3815 inquibus
249 3735 445 3797 verisimillime
460 3743 490 3799 et
502 3735 607 3818 parvuli
620 3744 706 3797 erant.
