2130 3990
65 192 126 255 mt
442 211 620 255 anscerus
636 220 638 225 >

66 435 106 496 N.
123 437 168 497 11.
181 437 239 497 Du
250 437 484 514 REQUISITA
495 437 708 499 MATERIAE
719 436 970 499 comsmcrmn

97 517 171 579 DAE
192 518 451 594 PRAEan‘rm
472 521 528 579 ΕΤ
551 519 965 585 DETERMINATIONE.

68 681 92 740 1.
116 679 207 738 Debet
229 701 290 741 esse
309 700 444 759 praescns
471 680 626 743 moraliter.
671 683 711 741 ll.
738 679 777 742 Ut
792 686 825 742 in
840 680 970 760 exempla

107 761 166 821 111.
185 763 343 831 Quantitas
366 765 485 827 muteris
504 785 563 822 non
576 773 621 822 est
643 764 854 839 determinato,
877 763 930 824 IV.
944 785 970 825 rr

99 862 156 920 per
169 852 381 904 consecrantem
393 844 622 905 determinanda.

106 1003 167 1072 Au,
188 1013 217 1064 et
230 1004 370 1084 quomodo
384 1009 501 1066 materia
510 1005 698 1065 consecranda
708 1006 793 1065 debet
802 1027 867 1065 esse
874 1027 970 1086 prason

27 1123 37 1132 -
65 1086 263 1145 consecranti?
637 1140 639 1145 ,

107 1167 131 1224 Ι.
148 1166 185 1226 R.
201 1167 297 1228 Debet
307 1169 347 1226 sic
358 1187 418 1228 esse
434 1187 554 1246 prensens
567 1168 714 1239 moraliter,
729 1175 761 1226 ut
775 1189 823 1247 per
835 1189 970 1248 pronomer

65 1246 120 1306 tos
133 1247 222 1307 ct-lt'c
234 1248 402 1308 sensibiliter
411 1253 501 1327 possit
524 1249 702 1308 demonstrari
713 1272 719 1308 :
729 1249 829 1328 -idqne
843 1270 857 1308 r
894 1251 968 1308 uiritu

64 1327 101 1386 cd
125 1328 244 1388 valorem
266 1331 488 1402 consecrationis,
509 1331 593 1410 cujus
619 1331 740 1409 alioquin
765 1270 968 1390 verbaodcmon

64 1411 177 1469 strativa
190 1430 246 1470 non
256 1411 470 1470 notificarentur.

103 1489 242 1557 ILHiuc
256 1491 378 1553 deduces
394 1494 427 1551 1⁰·.
448 1490 570 1551 invalida
584 1493 742 1557 consecrari
755 1491 903 1551 materiam
917 1491 970 1568 posi

63 1573 475 1651 temposttsrgumsaeerdotis,
490 1573 626 1637 Hostiam
634 1573 800 1633 collocatam
811 1571 866 1635 sub
876 1588 970 1649 mappa

63 1651 117 1718 sub
130 1651 200 1733 pede
210 1656 313 1722 calicis,
335 1650 389 1713 dcc.

103 1731 147 1790 2⁰·
165 1735 231 1794 Non
256 1744 349 1795 tamen
377 1755 437 1794 esse
464 1735 663 1803 necessarium,
681 1743 714 1793 ut
727 1736 846 1795 materia
868 1730 970 1795 videm

64 1813 108 1872 vel
121 1824 260 1894 tangatur,
274 1824 326 1877 aut
336 1817 561 1879 sonoverborum
575 1819 653 1895 quasi
662 1814 786 1884 feriatur,
795 1813 852 1877 sed
861 1811 970 1878 sufflatu

64 1895 139 1974 qudd
149 1915 201 1975 per
208 1917 360 1976 pronomen
375 1898 431 1957 lton
444 1906 473 1959 cl
485 1898 536 1957 ln'c
548 1897 584 1957 sit
595 1895 830 1963 demonstrabilis.
842 1897 970 1959 sincium

63 1980 122 2036 sive
148 1980 178 2035 in
198 1979 254 2038 alio
278 1986 410 2057 tauquam
427 1981 599 2039 ‚norrtinente
621 1977 781 2039 ordinario:
799 1986 832 2037 ‚et
843 1977 885 2034 sic
899 1974 970 2035 validi

62 2066 255 2119 consecrantur
278 2057 388 2119 H'nstiae
411 2063 440 2118 in
468 2060 581 2117 cumulo
604 2057 656 2116 sub
671 2058 732 2116 aliis
747 2061 877 2129 latentes,
897 2059 970 2114 autir

63 2139 171 2199 ciborio.
192 2139 236 2198 vel
263 2141 361 2219 pixide
383 2141 503 2201 clausae:
521 2141 610 2218 juxta
638 2139 776 2197 Rubricas
797 2149 895 2198 tamen
909 2137 970 2196 debe

62 2222 135 2299 pixis
155 2219 271 2283 Hostias
285 2221 487 2282 consecrandas
500 2223 645 2281 continens
658 2224 760 2298 operiri
774 2225 802 2279 in
816 2224 881 2299 ipsc
892 2237 970 2282 conse

63 2303 194 2370 eratione,
215 2305 289 2361 sicut
302 2305 331 2361 in
347 2305 435 2382 prima
449 2303 600 2361 oblatione.

101 2382 279 2454 Notandum,
314 2385 505 2462 scrupulosam
539 2392 569 2442 et
598 2382 761 2443 indecoram
788 2399 850 2441 esse
879 2379 970 2458 praxis

62 2481 166 2533 eorum,
188 2466 237 2542 qui
258 2486 288 2524 os
303 2465 434 2544 proxime
458 2467 618 2536 admovent,
639 2472 668 2521 et
682 2463 798 2521 halitum
812 2467 894 2536 quasi
906 2461 970 2539 inopi

61 2554 126 2605 mut
145 2545 175 2603 iu
197 2545 316 2605 calicem
340 2557 368 2605 ut
390 2565 490 2624 panem
512 2543 747 2611 consecrandum
770 2541 904 2600 Rubricae
914 2544 970 2601 enin

62 2623 239 2685 solummodo
250 2627 434 2705 praescribunt
447 2628 477 2685 in
491 2629 695 2685 consecratione
708 2636 782 2682 stara
803 2625 898 2699 capite
909 2622 970 2681 iecli

62 2713 138 2777 nato,
158 2713 188 2765 et
199 2709 284 2766 rerba
297 2709 441 2780 distincte,
461 2711 567 2765 secreto
578 2716 608 2764 et
623 2718 780 2763 reverenter
795 2702 923 2781 proferre.

103 2785 159 2862 An,
180 2796 209 2847 et
223 2790 364 2868 quomodo
381 2791 496 2848 materia
509 2786 696 2849 consecranda
710 2785 796 2844 debet
815 2803 879 2841 esse
901 2783 970 2843 detor

61 2867 194 2928 minata?

105 2949 164 3010 Ill.
182 2951 221 3010 R.
238 2949 278 3009 lo·
295 2952 388 3010 Docet
401 2952 433 3011 S.
454 2949 584 3008 Thomas
597 2956 693 3028 quaest.
711 2944 758 3002 74.
772 2953 823 3003 art.
838 2947 869 3038 ²:
883 2944 970 3023 quanti

62 3037 149 3090 tatem
171 3031 247 3091 illins
261 3053 315 3093 non
331 3052 391 3091 esse
405 3033 632 3096 determinatam,
653 3028 807 3103 spectando
827 3027 938 3084 sedicet
949 3026 970 3083 io

62 3113 236 3172 stitutionem
258 3112 365 3173 Christi
388 3113 572 3172 seneclutem
587 3110 828 3169 Consecrutioumt
849 3106 970 3169 uudeSr

62 3193 158 3256 cerdos
182 3193 273 3252 valide
295 3203 471 3253 consecraret
488 3195 634 3251 materiam
658 3191 833 3269 quantumvis
843 3189 970 3265 exiguam

63 3273 149 3332 modo
170 3274 305 3334 sensibilis
327 3278 372 3342 sit,
394 3286 422 3333 et
444 3273 565 3333 salvetur
587 3272 743 3330 substantia
766 3271 848 3348 panis
867 3275 896 3327 et
918 3268 969 3327 vini

63 3355 132 3413 item
142 3360 316 3431 quantumvis
331 3375 471 3432 magnam,
486 3354 570 3412 modo
583 3356 619 3412 sit
631 3351 772 3413 moraliter
784 3359 814 3409 et
825 3347 970 3411 sensibilite

63 3453 198 3514 prassns;
221 3445 253 3496 ut
266 3446 361 3496 autam
375 3437 454 3496 licite
469 3443 542 3512 agat,
562 3434 647 3492 debet
666 3431 804 3489 Sacerdos
818 3433 892 3489 circe
904 3447 970 3507 quun

64 3517 173 3575 titatem
209 3521 332 3578 materia
364 3515 559 3578 consecranda
586 3513 730 3574 observare
758 3509 970 3572 consuetudines

67 3595 209 3656 Ecclesia.
