2130 3990
391 177 434 222 »ι
457 174 610 221 ummo
909 158 967 221 loo

69 326 91 359 ‘⁴
105 320 149 381 3⁰·
167 318 690 403 Quiaconvsnitadrepraesentandun
700 317 962 400 Mysteriachristi‚

46 404 137 465 uibus
160 406 354 485 justificemur.
395 403 438 466 Ut
460 406 537 463 enim
559 401 627 461 dicit
647 399 862 479 chrysostomus
879 424 965 487 super

46 484 102 551 loo
115 488 209 547 ioan.
223 490 253 547 3.
273 487 348 548 Nisi
359 488 424 562 qun
435 480 670 562 rerrntuasuerit,
690 478 743 542 &e
768 486 841 546 siout
853 488 883 545 in
896 506 963 563 quo·

46 586 96 629 um
109 567 269 649 sepulchro,
282 571 399 647 ineque
412 563 662 644 submergentibus‚
671 562 755 625 nobis
768 566 870 645 capite,
884 578 962 628 vetus

46 666 118 709 omo
130 649 276 728 sepelitur,
284 659 315 709 et
326 648 487 709 submersus
501 645 632 707 deorsum
646 645 812 723 occultetur,
824 648 963 709 etdeinde

46 748 118 789 orus
130 750 227 789 rursus
239 725 395 791 escondit.'’

68 808 152 872 Vide
168 812 254 871 Rom.
269 810 298 869 6.
311 832 337 871 v.
351 810 380 869 4.
394 819 425 870 et
438 808 475 869 ad
487 808 550 869 col.
563 829 591 867 v.
607 806 654 866 12.

70 897 92 924 “
106 891 150 949 4⁰·
175 894 251 964 Quia
272 894 377 953 ratione
395 911 452 951 sue
465 891 673 949 communitatis
686 896 717 948 et
728 887 909 951 abundantio
921 899 964 955 ost

45 974 201 1033 obveniens
223 977 342 1033 materia
362 974 520 1034 necessitati
540 970 625 1050 hujus
647 973 839 1033 Sacramenti:
869 980 963 1053 potest

46 1055 109 1115 uim
122 1054 228 1134 ubique
241 1054 278 1113 de
290 1054 369 1114 facili
381 1052 506 1113 habenl'

70 1136 193 1214 Assigna
206 1136 315 1216 aliquas
328 1137 437 1215 species
450 1154 531 1215 aquae
545 1132 688 1205 naturalis,
699 1151 762 1214 quae
772 1130 916 1199 sufficiunt
924 1135 962 1197 ed

45 1219 181 1277 omanem
194 1216 401 1296 'Baptismatisi

70 1296 111 1357 V.
129 1298 167 1357 R
181 1298 263 1359 Talis
277 1307 321 1358 est
332 1318 407 1376 aqua
420 1297 536 1367 marine,
546 1294 682 1375 pluvialis,
692 1291 817 1367 fontana,
828 1295 960 1367 fluviolis,

45 1378 192 1451 uiuerelis3
220 1384 277 1440 siae
289 1379 402 1441 turbida
413 1381 460 1451 sit,
483 1379 541 1437 sive
555 1375 639 1446 clara,
668 1374 772 1455 ffimde
785 1377 828 1438 vel
847 1378 960 1452 caud„

45 1462 87 1521 irs
98 1460 258 1534 benedicte,
275 1463 332 1521 sive
345 1480 412 1519 non.

70 1538 153 1601 idem
167 1562 234 1601 oum
247 1543 278 1601 S.
295 1542 410 1601 Thomu
424 1546 534 1601 tenetur
551 1538 587 1599 de
601 1539 698 1599 lixivio
709 1545 739 1598 et
751 1541 831 1619 equis
844 1540 960 1622 sulphu-

44 1640 139 1681 oorum
152 1622 326 1682 balneorum.

70 1702 153 1762 Idem
166 1712 210 1762 est
222 1703 259 1762 de
272 1705 352 1783 aquis
365 1722 403 1762 ex
417 1700 562 1780 grandine,
576 1702 638 1761 nive
650 1701 694 1761 vel
703 1700 793 1780 glacie
803 1710 870 1763 ente
879 1703 959 1764 oblu-

44 1782 135 1843 iooem
149 1784 286 1844 resolutis.
633 1846 637 1851 ,

66 1864 205 1925 Similiter
226 1865 324 1925 dicunt
346 1865 454 1923 Henno
467 1870 496 1923 et
511 1863 630 1923 Billuart
639 1862 674 1923 de
688 1861 792 1923 sudore
805 1867 960 1945 pavaenti

44 1942 70 2003 ul
99 1950 242 2026 parietum
269 1957 395 2026 tempore
425 1944 555 2019 humido,
585 1946 655 2004 item
675 1943 711 2003 de
731 1964 806 2024 equa
826 1966 960 2026 expressa

44 2046 65 2084 tx
79 2026 151 2091 luto.

66 2106 105 2167 V.
116 2110 145 2167 Ε
154 2117 254 2167 oontra
263 2107 399 2168 invalidus
410 2115 452 2165 ost
463 2107 623 2184 Baptismus
632 2106 752 2167 collatus
762 2111 792 2167 in
806 2108 874 2180 tuto,
886 2111 958 2184 nno,

44 2190 125 2271 tingui
148 2191 288 2260 cerevisisl
299 2191 379 2259 lacte,
390 2190 461 2261 oleo,
470 2188 565 2257 salivi,
573 2189 683 2255 sudore,
705 2190 846 2269 lacrymis,
858 2192 956 2264 urioi;

44 2278 93 2329 tem
106 2270 210 2349 glacie,
232 2272 293 2329 nive
308 2268 494 2348 velgrondine
509 2268 635 2327 nondum
644 2268 770 2329 resolutis
783 2293 789 2330 :
812 2274 879 2331 item
889 2275 958 2332 veri·

44 2350 169 2411 imillime
184 2355 211 2409 in
226 2371 300 2430 aque
311 2372 433 2419 rosacea,
454 2352 498 2410 vel
512 2351 569 2409 alie
581 2370 618 2408 ex
632 2351 785 2423 arboribus,
801 2351 894 2412 herbis
907 2363 959 2414 sut

43 2428 143 2491 bribus
157 2431 301 2491 distillate.

53 2510 111 2573 VI.
127 2512 316 2572 Probabilitcr
325 2520 420 2571 temen
431 2520 536 2579 tenent,
549 2512 638 2571 velere
646 2513 676 2572 in
686 2513 956 2593 cerevisiujusoulo,

43 2596 100 2672 ¹qul
113 2595 232 2665 theani,
247 2604 275 2652 et
287 2592 423 2653 similibus
438 2594 557 2652 tenuiter
570 2602 599 2652 ot
612 2596 708 2654 leviter
721 2595 864 2667 decoctis3
883 2600 957 2655 ocrtti

43 2677 99 2733 nim
114 2696 171 2733 non
186 2675 299 2747 valeret,
308 2676 331 2733 si
346 2682 427 2731 tante
440 2675 478 2732 sit
490 2673 567 2733 facte
579 2674 710 2735 resolutio
723 2694 866 2755 corporum
880 2677 955 2736 lixe-

43 2774 126 2828 amm,
139 2764 173 2814 ut
184 2757 274 2834 liquor
288 2754 391 2813 habeat
404 2754 467 2833 plus
481 2755 518 2812 de
531 2755 625 2814 aliena
637 2756 804 2829 substantia,
817 2758 906 2837 quiam
918 2755 955 2816 do

43 2856 107 2916 qua.
149 2836 249 2915 Majus
262 2836 380 2895 dubium
391 2845 435 2894 est
447 2835 483 2895 de
497 2856 572 2914 aqua
585 2857 622 2895 ex
636 2838 694 2897 sele
709 2837 840 2898 resoluto.

42 2954 954 3060 aanornunncrncnnnrururruuunrornn.

62 3161 114 3220 Ex
130 3158 213 3220 dictis
228 3161 318 3218 Num.
333 3159 501 3239 precedenti
513 3160 622 3239 collige,

65 3243 104 3301 Ρ·
129 3241 298 3310 Quemlibet
319 3243 483 3301 Ministrum
502 3242 639 3321 Baptismi
656 3243 707 3301 sub
722 3240 836 3302 mortali
850 3242 890 3299 uti
905 3238 952 3299 de·

42 3342 88 3385 ers
101 3324 220 3383 materiis
235 3324 321 3395 oertri,
342 3342 437 3401 perse
452 3322 600 3401 loquendo.

60 3405 104 3465 2⁰·
119 3405 153 3465 Si
166 3406 283 3463 materia
297 3416 372 3463 corta
386 3403 464 3472 desit,
487 3411 516 3462 et
525 3406 674 3463 necessitas
688 3410 798 3481 urgeat,
817 3400 910 3483 potest
923 3416 953 3466 ot

42 3485 107 3627 ebes
119 3484 257 3627 ebdmhibere
269 3487 419 3545 materiem
432 3484 559 3553 dubiam,
579 3484 764 3566 praefigendo
777 3504 887 3569 semper
900 3491 953 3547 mi·

42 3572 73 3627 ris
105 3586 124 3625 u
146 3569 153 3581 '
174 3586 213 3627 m.

58 3646 104 3707 3⁰·
126 3648 160 3717 Si
181 3646 273 3729 proles
295 3647 385 3711 taliter
398 3648 427 3707 in
448 3647 568 3707 materia
592 3645 679 3705 dubia
699 3645 843 3729 baptizate
855 3656 953 3728 postea

42 3729 187 3810 rpervivot,
195 3728 399 3810 rebaptizanda
407 3735 449 3794 est
460 3727 512 3789 sub
527 3726 689 3791 conditione
697 3729 725 3791 io
736 3728 855 3811 materia
868 3726 952 3803 osito-
