2130 3990
344 227 387 270 us
413 224 630 270 nucunursrm.
894 208 956 270 3⁰5

65 373 125 432 111.
147 372 343 433 Perseveronte
356 372 456 431 eodem
471 371 639 431 infirmitatis
652 372 788 451 periculo,
808 378 900 452 potest
925 384 955 432 et

32 451 110 514 iebet
124 453 268 514 Parachus
282 455 383 512 iterato
399 454 606 512 Eucharistiam
618 455 771 511 ministrare
780 473 834 511 non
845 453 952 532 jejunis

32 534 195 614 [presertim
208 539 231 594 ai
245 538 355 614 ipsimet
367 532 470 594 infirmi
483 536 583 592 iterum
597 533 744 592 Ooelestem
751 533 832 592 iilum
845 537 953 594 Panem

32 615 171 693 muniant),
182 637 236 675 non
243 615 357 697 quidem
366 636 414 694 per
424 616 540 675 modum
550 615 667 685 viatici,
678 615 728 672 sed
736 635 773 672 cx
787 615 934 675 devotione
944 641 951 689 ;

32 700 93 776 [uia
107 697 250 756 Viaticum
262 698 349 755 semei
364 704 474 756 tantum
488 700 514 755 in
531 695 629 754 eadem
643 696 806 754 infirmitate
815 699 951 756 sumitur:

33 789 66 836 ta
80 777 252 837 Benedictus
265 777 353 836 XIV.
368 779 416 836 iib.
441 781 468 838 7.
492 779 527 836 de
553 778 668 854 Synodo
691 777 784 835 Dioec.
810 799 872 858 cap.
901 778 949 838 1⁶2.

32 862 116 918 Num.
131 864 150 917 4
165 871 194 918 et
204 861 233 919 5.

66 940 102 1000 ld
116 951 226 1000 constat
238 959 276 999 ex
288 943 431 1019 communi
445 940 656 1018 Theologorum
676 939 814 998 Doctrina
826 946 855 997 et
868 945 953 1019 prcxi

32 1022 171 1080 Pastorum
185 1020 305 1080 fundata
316 1024 345 1080 in
361 1041 403 1090 eo,
425 1023 502 1102 quiid
525 1042 581 1080 non
597 1029 740 1079 censeatur
755 1020 886 1078 Ecclesia
905 1023 947 1079 in-

32 1103 117 1167 irmos
131 1102 202 1162 velle
216 1105 320 1182 privare
338 1102 433 1162 medio
445 1114 503 1163 tam
525 1103 587 1160 utili
614 1111 643 1160 et
665 1104 821 1161 necessario
841 1101 877 1160 ad
892 1104 949 1161 vin-

32 1184 128 1242 cendas
140 1187 318 1250 tentationes,
339 1181 392 1242 &a

62 1264 121 1323 Sed
135 1263 268 1324 dissensio
278 1273 329 1336 est,
350 1270 485 1342 quantum
498 1265 630 1344 temporis
645 1266 765 1341 spatium
788 1263 893 1323 debeat
906 1267 948 1323 in·

32 1344 176 1419 accedere,
191 1354 222 1403 ut
234 1346 264 1404 in
278 1345 376 1403 eodem
386 1345 472 1402 morbi
482 1353 556 1402 statu
566 1347 650 1424 possit
659 1347 761 1403 iterum
770 1365 825 1403 non
834 1345 949 1423 jejunus

32 1429 241 1485 communicare.
281 1428 388 1484 Suarez
402 1434 431 1483 et
447 1427 584 1483 Daeiman
599 1425 724 1483 statuunt
738 1427 756 1484 8
770 1426 812 1485 vel
830 1427 865 1482 10
877 1427 948 1493 dies,

32 1507 122 1586 [prout
134 1509 249 1586 antiquo
273 1507 379 1566 Rituali
405 1507 536 1565 Romano
561 1510 739 1565 constitutum
763 1505 859 1574 fuisse,
882 1509 951 1566 dicit

32 1588 131 1664 Callet)
144 1588 251 1647 Hanno
265 1599 296 1646 ct
310 1587 429 1647 Biliunrt
443 1587 462 1644 6
478 1589 518 1647 rel
541 1587 559 1645 7
574 1588 642 1659 dies,
663 1585 717 1646 &a
733 1588 863 1646 Servetur
881 1609 948 1648 con-

32 1669 152 1728 tuetudo.

64 1750 133 1808 Non
147 1749 214 1808 licet
234 1758 329 1808 umen
351 1748 460 1809 infirmo
474 1769 529 1807 nou
552 1747 663 1826 jejuno,
683 1751 773 1827 inquit
796 1750 949 1823 Daelman,

32 1831 151 1909 luotidie
177 1833 384 1890 communicare
403 1830 528 1910 'propter
558 1833 736 1889 reverentiam
765 1833 949 1901 Sacrnmenfi,

32 1913 142 1981 idumei,
157 1911 225 1970 dum
240 1931 325 1970 sanus
337 1919 407 1978 erat,
428 1912 528 1970 soleret
541 1910 668 1989 quotidie
688 1914 904 1970 communicare.

61 1992 120 2053 IV.
144 1993 281 2062 Quinimo
295 2013 348 2051 nec
363 1991 522 2069 frequenter
539 1992 567 2050 id
581 1991 667 2061 licet;
690 1991 767 2050 unde
782 1991 952 2054 Benedictus

32 2073 110 2132 (lv.
124 2073 186 2134 loco
196 2077 283 2132 citato
296 2073 386 2132 solum
402 2073 485 2132 dicit:
510 2071 618 2131 Iterum
633 2079 661 2131 ei
675 2075 773 2132 tertio.

60 2155 209 2234 Objicitur
221 2154 363 2212 Pasturale
386 2152 591 2212 Mechiiuiense
605 2153 720 2212 dicens:
744 2159 762 2188 “
775 2153 893 2211 Caeteris
907 2155 949 2212 in·

32 2237 122 2308 irmis,
134 2239 183 2316 qui
196 2255 233 2294 ex
243 2235 389 2294 devotione
403 2237 431 2292 in
447 2234 609 2312 aegritudine
624 2237 842 2300 communicant,
857 2234 954 2293 danda

32 2327 66 2375 at
82 2318 260 2376 Eucharistiae
272 2324 342 2375 aule
355 2335 466 2375 omnem
480 2315 576 2374 cibum
592 2323 622 2374 et
629 2316 762 2394 potum.’'
807 2315 852 2374 Ita
867 2317 954 2375 etiam

32 2396 139 2457 tituale
155 2398 328 2456 Romanum.

63 2479 102 2536 R.
127 2479 200 2536 Cum
214 2478 387 2537 Authnribns
398 2480 592 2549 communiter,
612 2477 660 2537 illa
673 2478 756 2536 verba
770 2477 954 2556 intelligenda

32 2561 133 2619 assde
146 2559 271 2631 infirmis,
292 2563 341 2636 qui
360 2581 415 2618 non
432 2559 585 2638 periculose
602 2558 783 2617 decumbunt.

64 2639 106 2699 V.
126 2639 168 2697 2⁰·
192 2639 270 2697 Dum
295 2641 323 2699 id
339 2642 525 2698 necessarium
539 2649 582 2697 est
595 2639 631 2698 ad
647 2638 845 2718 perficiendum
860 2640 952 2697 Sacri·

32 2722 137 2781 icium:
161 2731 191 2779 ut
203 2723 227 2779 si
240 2720 379 2779 Sacerdos
394 2729 455 2798 post
469 2719 709 2779 consecrationem
726 2719 846 2789 deficiat,
860 2729 952 2798 potest

32 2812 49 2860 rt
61 2810 173 2861 tenetur
187 2801 326 2860 Sacerdos
341 2822 394 2859 non
403 2801 517 2880 jejunus
532 2801 569 2873 (si
584 2800 657 2858 desit
667 2802 738 2859 alius
749 2800 881 2879 jejunus)
900 2801 953 2858 Sa·

32 2883 160 2942 sificium
176 2881 305 2962 perficere
316 2892 344 2941 et
358 2885 571 2941 communicare.
616 2882 776 2940 Deficiente
790 2891 883 2940 tamen
899 2884 953 2940 Se·

32 2964 143 3033 :erdote‚
166 2985 221 3021 non
237 2973 332 3040 posset
361 2964 474 3034 Lamus,
494 2964 671 3041 quantumvis
697 2963 767 3020 bene
792 2961 950 3043 dispositus,

32 3064 134 3102 umore
149 3045 283 3103 Hostiam
299 3055 496 3117 consecratam,
518 3051 547 3102 et
561 3043 650 3102 multo
664 3046 756 3101 minus
772 3042 953 3123 Sanguinem,

32 3126 74 3184 ted
99 3127 129 3183 in
155 3125 357 3183 Tabernaculo
371 3128 467 3203 reponi
493 3124 624 3183 deberet:
657 3126 756 3203 pariter
768 3126 792 3181 si
807 3123 954 3195 Sacerdos,

32 3217 137 3283 nupto
149 3207 255 3277 Colice,
276 3204 481 3284 deprehendat,
502 3207 564 3265 loco
580 3207 634 3263 vini
648 3225 750 3283 aquam
765 3204 851 3262 fuisse
864 3208 955 3283 impo-

32 3289 116 3354 sitam,
139 3285 227 3343 debet
246 3285 358 3345 Vinum
374 3306 545 3355 consecrare,
568 3297 598 3346 et
619 3295 811 3344 consecratum
833 3305 954 3348 sumere.

32 3368 196 3426 Similitersi
220 3376 285 3446 post
310 3368 555 3425 Consecrationem
568 3366 739 3433 recordetur,
762 3387 792 3424 se
815 3386 871 3426 non
894 3386 955 3425 esse

32 3448 167 3526 ejnoum3
190 3457 255 3507 ante
280 3448 526 3506 consecrationem
551 3453 623 3514 vero,
646 3449 734 3505 tutius
763 3456 843 3517 esset,
864 3450 957 3522 inquit

32 3535 55 3589 Β.
65 3529 172 3589 Thom.
189 3528 224 3587 ab
234 3528 325 3589 Alteri
334 3528 474 3600 recedere,
489 3530 770 3608 uisi,inquit‚gruve
783 3527 954 3588 scandulum
