2130 3990
113 112 174 174 ³22
468 133 643 179 amuranus

155 275 197 338 11.
221 276 404 359 Respondent
416 277 549 359 steyaert
561 290 591 340 ot
606 278 756 354 Daelmon,
764 298 836 341 mox
848 297 918 340 eam
932 281 1040 344 conteni

114 360 150 418 ab
161 360 238 418 initio
251 359 489 419 manducationis:
511 361 617 420 Suarez
641 368 670 421 et
694 361 826 427 Billuart,
847 381 918 421 cum
947 361 1040 423 Hostia

112 440 248 519 trajicitur
261 460 312 520 per
332 448 443 519 guttur:
467 440 564 501 Gonot
585 447 657 512 rard,
693 441 762 502 dum
788 443 916 522 primum
942 448 1040 520 species

112 521 289 580 stomachum
312 523 475 600 attingunt:
496 523 546 582 aed
571 524 684 602 Sylvius
709 523 872 603 respondet,
893 523 1039 603 quidhoc

113 622 195 662 neruo
209 603 314 661 noverit
326 604 380 660 nisi
394 606 440 681 qui
455 602 552 663 afficit.
688 638 690 642 >

153 685 231 743 'Pota
243 685 356 762 quaestio
369 681 475 761 pendat
488 702 526 742 ex
539 705 573 743 eo
583 685 681 764 inquo
695 693 759 744 actu
775 687 914 745 consistat
926 685 1037 746 menda·

111 767 202 832 cutim
225 782 307 843 quarn
334 764 401 822 erim
430 765 521 843 plures
542 776 650 844 ponant
667 767 696 825 in
724 765 893 845 trajectione
919 767 975 826 cibi
994 788 1038 847 por

111 854 214 923 guttur,
237 864 380 924 quousque
394 843 430 903 ad
455 846 641 904 ventriculum
667 849 819 926 perveniat,
840 858 1037 927 cousequenter

110 926 242 994 inferunt,
259 926 333 1005 qubd
349 924 453 984 Hostia
466 925 585 985 totaliter
598 931 625 986 in
636 947 684 987 ors
697 935 875 1007 consumpta,
887 937 937 988 aut
949 949 1035 1010 sump-

108 1015 139 1066 ta
153 1008 181 1065 in
196 1026 243 1065 ora
258 1014 288 1064 et
301 1005 404 1084 ejecta,
418 1026 474 1065 non
489 1015 585 1065 causet
598 1010 732 1086 gratiam
749 1010 920 1068 contrarium
932 1014 1001 1079 verb,
1014 1014 1033 1071 si

105 1088 167 1166 jam
181 1088 287 1167 species
307 1086 342 1146 ad
357 1087 534 1151 stomachum
548 1087 668 1166 trajecta
681 1089 833 1164 sinulicet
860 1090 961 1170 postea
979 1111 1033 1152 arc·

109 1175 231 1228 mantur.

149 1249 217 1327 Obj.
240 1248 327 1309 Cibus
340 1251 488 1329 corporalis
499 1270 557 1309 non
570 1253 664 1320 nutrit,
686 1251 738 1311 nisi
748 1252 785 1312 sit
797 1258 946 1332 corruptus
957 1272 963 1309 :
973 1272 1029 1332 ergo

108 1350 162 1390 noa
174 1330 339 1410 spiritualis;
361 1332 416 1389 nisi
429 1332 536 1409 species
550 1333 607 1393 sint
620 1341 766 1412 corrupte.

150 1411 188 1470 R.
212 1412 364 1490 Disperitas
378 1410 510 1471 fundatur
534 1413 562 1470 in
577 1413 668 1471 verbis
683 1412 713 1472 S.
728 1412 802 1493 Aug.
820 1415 911 1472 Num.
936 1434 1023 1494 precs·

108 1491 185 1551 denti
208 1493 315 1562 citatia;
338 1511 441 1569 nempe
455 1492 529 1571 quod
544 1491 622 1551 cibus
639 1495 789 1573 corporalis
800 1497 911 1554 nutriat
930 1500 1021 1575 peruri
1051 1523 1065 1592 p

107 1576 292 1634 mutationem
306 1575 334 1631 in
348 1574 532 1633 substantiam
544 1577 686 1642 sumentia,
708 1595 769 1652 quae
784 1577 906 1635 mutatio
918 1574 977 1637 fieri
986 1597 1020 1637 uu·

105 1658 174 1734 quit,
196 1657 249 1713 nisi
263 1663 456 1732 corrumpatur
470 1654 566 1726 nibus;
582 1653 637 1713 sed
651 1655 729 1715 cibus
743 1655 959 1717 Eucharisticua
981 1678 1019 1717 nn·

104 1739 154 1796 trit
166 1736 344 1816 spiritualiter
363 1735 547 1794 convertendo
564 1745 721 1795 sumentem
736 1737 763 1795 in
773 1756 813 1812 se,
834 1737 872 1797 ad
883 1737 960 1815 quod
975 1758 1018 1799 non
1050 1764 1065 1811 ι

104 1819 251 1894 requiritur
263 1819 414 1894 specierum
436 1817 583 1894 corruptio,
604 1815 654 1893 sed
672 1818 739 1876 satis
751 1826 802 1892 est,
821 1819 900 1896 qubd
922 1838 1017 1877 sumen·
1062 1817 1065 1832 ¹

103 1908 150 1959 tur
158 1899 246 1978 juxta
258 1898 464 1956 institutionem
481 1895 595 1956 Christi.

101 2063 165 2121 tium
179 2062 295 2120 durante
310 2059 531 2124 manducatione,
552 2059 602 2118 sed
627 2061 712 2118 ctiam
738 2070 874 2139 tempore,
896 2081 1017 2141 quospn·
1053 2061 1065 2078 ²

22 2189 28 2200 .
102 2147 158 2203 cies
172 2148 346 2220 perseverant
359 2141 388 2198 in
401 2138 569 2199 stomacho?
1055 2143 1065 2164 ³

143 2225 197 2284 IV.
220 2225 256 2281 R.
270 2223 383 2280 Partem
398 2221 699 2298 negativamsustinent
714 2222 868 2293 Bonuciua,
880 2221 959 2293 Soto,
969 2221 1017 2282 llil·
1055 2223 1065 2296 i

99 2307 181 2379 luart,
203 2304 257 2362 &a
272 2305 339 2381 qnia
352 2301 465 2359 effectus
480 2300 564 2379 hujus
578 2300 751 2362 Sacramenti
764 2302 894 2361 tribuitur
909 2303 1017 2367 mandu-
1062 2333 1065 2374 r

51 2404 54 2409 ‘
99 2389 211 2455 cationi,
234 2403 296 2463 quae
323 2385 351 2441 in
366 2402 434 2441 casu
457 2380 519 2458 jam
533 2386 696 2462 supponitur
710 2384 869 2442 transiisse:
892 2384 1018 2446 affirmant

98 2477 191 2526 autem
207 2463 469 2542 Suarez,Wiggers,
493 2463 635 2542 steyaert,
649 2462 763 2537 Henno,
787 2463 939 2537 Daolman,
953 2465 1018 2525 Pnu-

97 2549 176 2621 wels,
190 2555 219 2607 et
233 2545 263 2606 N
266 2564 357 2615 eesen,
372 2546 438 2623 quia
450 2542 566 2601 effectus
577 2547 747 2623 promittitur
760 2544 957 2615 manducanti,
970 2566 1018 2606 nou

96 2631 204 2688 rationo
218 2625 445 2686 manducationis
462 2624 538 2702 (quae
552 2630 662 2683 tanturn
674 2634 717 2685 est
731 2624 853 2684 conditio
880 2626 943 2685 sinin
968 2647 1016 2706 qua

92 2721 163 2785 non,
176 2730 227 2769 seu
241 2726 287 2788 per
299 2705 415 2766 modum
429 2703 637 2784 applicationis)
655 2706 705 2765 sed
718 2708 824 2765 rationo
835 2706 892 2765 cibi
906 2709 1017 2766 mnndu-

94 2792 169 2850 sati:
184 2792 259 2850 unde
272 2790 415 2869 promissio
429 2785 547 2844 effectus
562 2794 656 2864 potest
668 2788 707 2846 sic
721 2789 826 2866 exponi
833 2785 941 2867 (inquit
954 2789 1016 2846 Sua

94 2876 155 2947 rez)
186 2882 218 2931 ut
231 2870 283 2930 sub
297 2867 512 2926 manducatione
526 2868 604 2925 cibus
617 2877 649 2926 ut
663 2868 858 2936 manducatus,
880 2871 1015 2948 quatnniu

92 2955 132 3012 ric
147 2953 237 3021 durat,
259 2948 518 3027 comprehendatur,

134 3032 322 3093 Coniormiter
335 3030 372 3086 nd
384 3028 458 3087 hanc
471 3028 650 3108 posteriorem
663 3030 829 3088 sententiam
844 3028 1015 3109 probabiliter
1063 3069 1065 3093 r

92 3118 251 3181 sustinetur,
273 3108 359 3192 quod,
379 3112 403 3168 si
417 3113 477 3188 quis
491 3109 665 3190 indispositus
679 3110 716 3168 ad
738 3108 793 3168 hoc
806 3110 1013 3171 Sacramentum

91 3198 248 3265 accesserit,
270 3202 300 3252 et
312 3190 430 3251 durante
444 3190 548 3249 Christi
563 3192 714 3270 praesentit
729 3191 812 3268 (licbt
837 3190 1011 3263 manducatio

87 3278 149 3356 jam
172 3273 309 3354 cessarat)
335 3291 366 3330 se
390 3268 561 3331 sufficienter
584 3270 806 3352 disponentem
833 3283 1012 3354 consequatur

89 3356 212 3418 fructum
226 3359 312 3437 ipsius
333 3353 517 3412 Sacramenti.

131 3436 171 3496 V.
181 3440 228 3497 Ex
242 3438 342 3517 quibus
353 3435 516 3512 intelligitur
526 3430 571 3511 (ut
584 3434 668 3491 etiam
681 3435 788 3494 dictum
797 3446 840 3493 est
851 3435 881 3495 N
883 3455 943 3496 um.
951 3431 1008 3515 28.)

88 3519 299 3582 saluberrimum
312 3536 380 3592 esse,
395 3522 459 3596 post
472 3514 705 3577 Communions'm
719 3537 769 3598 par
782 3515 897 3593 aliquod
906 3523 1008 3598 ternpus
