2130 3990
371 179 723 239 peccatricia-misssi
951 179 1013 244 stt

120 338 216 399 Portic
234 339 371 418 generem
397 349 451 408 eet,
472 360 536 418 quse
557 341 670 400 obvenit
682 342 733 400 toti
748 342 900 402 Ecclesiae:
918 339 1007 419 juxta

72 416 149 481 illud
163 420 287 481 Missalis
302 422 440 481 Romani:
463 422 523 481 Sed
533 431 563 481 et
573 442 628 500 pro
642 421 915 497 omnibnsfidels’duc
929 426 1006 481 eisc

73 508 167 581 atquc
175 501 325 563 defunctis
332 524 345 570 ,·
355 505 411 561 imd
421 504 510 582 juxta
518 504 628 582 aliquos
638 505 689 563 toti
698 505 816 575 mundo,
829 501 1007 564 conformiter

73 580 113 643 cd
122 582 214 643 illud:
236 583 300 645 Pro
313 591 458 645 nostrast
469 589 562 644 totius
574 586 673 644 mundi
685 585 790 645 salute.

116 662 170 725 [tx
182 663 233 725 illa
245 672 341 725 eutem
368 668 494 744 portione
519 669 638 745 quisque
657 666 766 724 videtur
778 666 881 725 habere
893 673 1004 744 partem

73 762 141 805 uum
156 749 331 826 proportione
343 746 490 822 dignitatis,
503 750 657 806 sanctitatis
669 767 724 805 seu
738 747 932 826 dispositionis,
946 744 1002 806 dcc.

73 825 113 885 ita
125 837 162 889 ut
188 826 301 887 Praeleti
317 828 461 895 Ecclesiae,
484 828 680 907 principesque
699 829 867 908 temporales
879 847 934 905 pne
950 831 1005 907 pri·

74 909 146 967 satie
175 909 347 990 participent,
365 907 437 986 justi
462 927 519 987 prae
546 908 745 989 peccatoribus,
767 911 916 968 sanctiores
943 928 1000 987 prae

73 990 170 1049 minus
197 990 314 1059 talibus3
338 997 367 1050 et
381 989 468 1067 princi
489 991 568 1049 aliter
587 989 702 1068 quidem
716 991 745 1062 ii,
766 1008 883 1066 quarum
898 992 1003 1049 mentio

73 1068 100 1127 it
111 1071 146 1129 in
163 1069 289 1139 canone,
305 1076 338 1131 ut
352 1070 447 1149 Papa,
492 1073 666 1131 antistiam
682 1072 723 1129 illi
733 1089 854 1149 quorum
865 1069 1001 1129 Sacerdos

49 1152 206 1211 meminit
232 1154 261 1211 in
274 1150 432 1225 Memento,
460 1155 516 1210 sive
537 1153 666 1210 absentes
680 1154 745 1224 sint,
765 1155 821 1210 sive
836 1160 1001 1230 presente„

66 1231 108 1289 sic
138 1240 237 1291 minen
260 1240 293 1292 ut
317 1235 424 1292 ceteris
437 1232 548 1312 paribus
570 1235 659 1308 magis
678 1232 744 1290 inda
757 1234 932 1312 participent,
951 1234 1003 1309 qui

64 1312 566 1391 magieadSacrificiumconcurrunt
574 1312 758 1393 procurando,
771 1312 997 1382 meistendo,dsc.
1033 1378 1038 1387 Ι

104 1395 210 1454 Docet
222 1393 339 1462 Heono,
360 1395 435 1475 qnod
446 1394 583 1453 Sacerdos
593 1392 747 1452 excludens
761 1392 805 1451 vel
818 1396 932 1451 unicum
944 1392 1001 1451 Ec-

58 1470 167 1533 deero
181 1474 335 1535 membrum
346 1477 375 1535 in
389 1496 442 1533 sna
454 1476 651 1553 applicatione,
672 1476 730 1532 sive
743 1493 782 1531 ex
795 1472 869 1547 odio,
888 1478 947 1532 sive
961 1493 1001 1532 ex

55 1555 232 1629 inimicitia,
249 1558 306 1615 eise
330 1574 368 1617 ex
394 1556 450 1616 alio
477 1565 623 1634 pirntextn,
642 1558 763 1632 graviter
780 1564 881 1633 peccet
902 1562 1002 1614 contra

53 1634 238 1697 wenna
251 1644 281 1697 ct
292 1637 481 1697 obedientiam
496 1636 608 1695 Christo
622 1645 652 1695 et
665 1634 799 1695 Ecclesia
811 1635 946 1695 debitam.

104 1716 170 1778 ΙΙΙ.
184 1719 281 1779 Portio
292 1720 424 1796 specialis
434 1737 485 1776 sen
498 1718 591 1776 media
610 1719 742 1796 competit
753 1716 817 1790 illis,
836 1735 887 1793 pro
900 1716 1000 1796 quibus

54 1798 212 1860 Sacerdos
224 1800 344 1858 intendit
355 1799 511 1875 specialiter
523 1799 692 1857 sacrificare:
706 1797 784 1856 illam
796 1809 891 1856 tamen
905 1806 1001 1877 potest

55 1878 122 1939 eibi
136 1882 289 1961 applicare,
315 1879 384 1939 dum
410 1900 460 1958 pro
473 1879 549 1939 nullo
568 1880 689 1938 Missam
701 1878 839 1939 celebrat:
862 1879 1000 1957 quinimo

56 1960 152 2021 valde
177 1968 220 2021 eet
232 1962 412 2034 conveniens,
431 1963 522 2039 inquit
543 1961 693 2034 Decimae,
707 1959 785 2039 quod
797 1961 888 2019 omnis
901 1960 998 2019 Sacer·

61 2040 122 2103 dos
134 2042 304 2123 quandoque
317 2042 370 2103 sibi
382 2042 507 2122 applicet
520 2044 673 2122 portionem
692 2041 826 2101 sacrificii
836 2040 999 2119 specialem,

65 2129 135 2185 cum
150 2133 182 2183 et
194 2127 252 2203 ipsa
265 2144 338 2204 sape
351 2124 484 2201 indigeat

109 2204 168 2265 lv.
183 2205 279 2265 Portio
290 2206 490 2283 specialissima
498 2203 643 2263 Sacerdoti
653 2210 694 2263 est
700 2205 820 2285 propria,
832 2202 998 2263 etiamdum

68 2306 120 2367 pro
145 2285 235 2347 altero
260 2288 391 2357 celebrat,
411 2286 481 2346 licet
506 2306 544 2344 ex
560 2286 711 2365 stipendio:
731 2287 889 2367 etquidem
910 2285 1000 2363 juxta

71 2370 184 2437 Saurea,
195 2365 297 2440 Collet,
309 2368 448 2447 Steyaert,
458 2368 598 2427 Daelmen
608 2378 638 2425 et
646 2366 777 2425 Pauwels
785 2375 885 2426 contra
893 2366 1001 2427 Hanno

70 2451 162 2529 portic
175 2448 224 2509 illa
234 2451 275 2507 ita
287 2449 433 2509 Sacerdoti
446 2448 599 2509 celebranti
611 2449 726 2528 propria
738 2455 789 2522 est,
802 2454 835 2507 ut
846 2447 999 2526 nequidem

71 2528 161 2591 salide
187 2549 252 2589 eam
276 2532 366 2609 possit
377 2533 396 2588 ri
407 2551 440 2589 se
453 2530 584 2589 abdicare
596 2531 674 2589 alteri
685 2528 860 2609 applicando,
875 2532 909 2586 ed
922 2527 999 2608 qudd

72 2610 209 2671 Sacerdos
225 2610 313 2686 juxta
337 2611 364 2670 A
386 2620 435 2671 ost
450 2612 488 2670 ad
504 2611 591 2671 Hebr.
607 2610 636 2670 7.
651 2610 752 2669 debeat
759 2612 851 2688 pratis
860 2628 919 2688 pro
930 2613 997 2668 surb

72 2690 184 2753 delictis
195 2690 324 2751 Hostiae
336 2631 451 2770 «Jeme,
463 2693 564 2751 deinde
570 2711 629 2773 pro
639 2690 753 2769 populi.

106 2772 158 2833 An
186 2773 324 2833 Sacerdos
347 2794 403 2832 non
431 2783 523 2852 potest
549 2794 595 2853 per
608 2792 694 2831 unam
710 2772 829 2830 Missam
840 2769 997 2831 satisfacere

74 2852 181 2913 duobin
191 2855 349 2932 stipendiis,
369 2855 539 2935 applicando
553 2858 601 2913 uni
615 2864 722 2934 partem
732 2852 852 2923 solitam,
874 2852 997 2914 etalteri
1055 2908 1062 2925 ,

73 2935 554 3094 Ροῐῧῗὶᾞςμίἓιιιῗιῖῗῗοῖιεῐαῐ
563 3035 600 3074 ex
612 3015 802 3094 propositione
813 3013 1002 3074 condemnate

74 3098 105 3157 ub
117 3096 285 3159 Alexandro
299 3096 370 3158 VII.
385 3118 447 3176 quas
461 3106 504 3157 est
513 3116 629 3155 numero
642 3106 757 3155 octava:
781 3099 799 3129 “
814 3096 999 3174 anlicatum

75 3178 241 3259 stipendium
268 3187 363 3257 potest
389 3179 525 3238 Sacerdos
551 3198 602 3258 pro
615 3177 717 3236 eedem
732 3176 824 3236 Missa
835 3176 911 3236 licitd
923 3176 999 3235 acci·

74 3279 147 3339 parc,
159 3259 331 3339 applicando
344 3264 451 3339 petenti
464 3269 572 3340 partem
582 3261 668 3318 etiarn
681 3259 912 3339 specialissimam
924 3256 999 3315 lruc·

76 3340 116 3401 tis
140 3343 255 3423 ipsimet
282 3341 436 3402 celebranti
464 3339 733 3419 correspondentem,
755 3338 842 3418 idque
899 3346 927 3395 st
940 3338 1002 3396 De·

75 3428 176 3485 ustum
204 3420 313 3485 Urbani
338 3421 470 3501 vlri’st
492 3422 579 3482 Ratio
602 3423 677 3481 enim
697 3427 748 3495 est,
768 3418 842 3499 quod
875 3418 1001 3479 ebitcex
