2130 3990
328 206 393 268 'nn
415 203 631 248 nucnnnrsrrn.
895 187 955 248 329

62 347 102 407 V.
119 348 227 409 Sextus
241 370 321 409 cesus
336 357 378 409 est
390 369 428 408 ex
441 349 573 428 singulari
583 352 743 430 privilegio:
766 351 848 408 etita
865 351 953 409 liene-

48 429 116 489 lctus
130 430 219 491 XIV.
234 435 370 490 concessit
382 433 509 489 omnibus
524 431 723 491 Sacerdotibus
733 435 762 490 in
775 433 874 510 Regno
885 433 952 490 His-

48 515 118 570 nuiae
134 522 164 570 et
178 512 329 571 Lusitaniae
344 514 578 570 commorantibus
591 523 646 571 tres
658 514 760 572 Missas
772 512 909 571 celebrare
922 515 952 572 in

48 592 70 650 ie
85 592 370 652 Commemorationis
384 596 511 651 omniurn
529 592 669 652 Fidelium
683 594 892 667 defunctorum,
913 597 953 652 sic

48 683 164 732 meunt
187 673 248 733 duae
271 673 368 732 Missae
386 693 439 752 pro
462 673 592 748 omnibus
616 674 753 734 defunctis
777 674 953 734 celebrentur

48 756 120 823 uris,
143 774 194 813 seu
208 758 269 814 sinc
283 753 342 812 ulle
354 755 546 833 eleemosyna.

60 833 150 894 Ultra
165 856 245 896 casus
266 843 439 895 enumeratos
460 838 529 894 alter
555 837 628 894 inter
641 835 785 896 Authores
800 843 953 898 controver-

48 921 96 985 lur,
109 916 227 977 scilicet:
730 927 734 935 '

48 1117 62 1179 “.
89 1118 147 1178 53.
172 1119 231 1178 ΑΝ
247 1117 461 1180 VIATICUM
474 1119 540 1178 SIT
558 1118 746 1180 DANDUM
762 1120 857 1187 lLLl,
873 1120 948 1183 QUl

79 1199 337 1340 ἓὲεΙξΜΡΒΙΕ
353 1200 410 1259 EX
432 1200 696 1259 DEVOTlONld
721 1201 946 1264 COMMUNI-

48 1472 65 1531 l.
93 1473 189 1532 Carus
202 1481 413 1542 controversus,
434 1470 474 1532 ΙΙ.
495 1474 584 1532 Circa
597 1493 681 1553 quem
695 1481 756 1534 tren
768 1478 929 1535 sententiae.

58 1653 87 1714 Ι.
113 1655 211 1714 Cusus
226 1660 267 1714 est
293 1658 360 1718 hic:
396 1655 496 1732 aliquis
510 1657 593 1716 menie
608 1677 645 1714 ex
660 1655 808 1715 devotione
823 1655 949 1715 celebre-

48 1735 114 1795 lvcl
123 1738 356 1808 communicavit;
379 1747 409 1796 et
422 1748 519 1817 postea
533 1737 631 1796 eodem
646 1736 691 1795 die
703 1737 803 1795 incidit
811 1739 842 1795 in
856 1738 949 1796 mortis

48 1816 195 1876 rriculum:
217 1838 255 1876 an
265 1838 367 1897 nempe
380 1829 450 1877 tunc
462 1817 523 1877 talis
537 1821 619 1896 possit
632 1838 666 1876 ec
674 1817 776 1877 debeat
788 1817 887 1878 eodem
902 1818 950 1877 die

48 1916 123 1957 rrum
137 1900 345 1958 communicare
358 1920 409 1979 per
424 1899 538 1958 modum
553 1897 679 1958 Viatici?

60 1977 105 2039 ΙΙ.
127 1979 163 2037 R.
178 1978 250 2037 Tres
262 1989 329 2039 sunt
342 1983 414 2039 circa
429 1982 482 2039 hcc
496 1983 661 2039 sententiae:

60 2058 178 2118 Prima:
200 2061 286 2139 aliqui
299 2061 403 2135 volunt,
418 2063 503 2120 talem
518 2060 629 2139 quidem
645 2078 736 2139 posse,
761 2059 812 2119 sed
834 2078 890 2117 non
906 2065 946 2118 te-

48 2141 79 2199 rri
91 2141 195 2199 iterum
211 2145 417 2200 communicare
422 2167 429 2214 ;
452 2141 501 2200 sed
514 2143 545 2200 hi
559 2162 613 2200 non
637 2142 763 2199 videntur
777 2159 947 2219 consequen-

48 2241 65 2279 ιι·
76 2221 173 2298 loqui:
194 2224 259 2301 quin
273 2223 349 2301 quod
363 2225 426 2282 talis
440 2234 543 2300 posset,
571 2222 687 2281 deberet
700 2242 758 2279 esse
773 2222 810 2280 ob
824 2241 945 2300 praecep-

48 2322 78 2360 un
89 2300 215 2361 divinum
227 2304 409 2363 desumendo
425 2304 553 2363 Victico:
567 2323 632 2381 ergo
646 2306 732 2361 etiarn
743 2312 892 2361 teneretur.

60 2383 193 2442 Secunda
212 2388 358 2451 sententia,
392 2405 459 2443 narn
469 2385 646 2463 amplectitur
661 2385 793 2443 Peuwels
808 2393 838 2441 et
852 2384 943 2462 plures

49 2466 78 2536 ii,
90 2473 164 2523 teste
179 2464 334 2524 Benedicto
344 2405 429 2525 XdV.
453 2463 581 2536 affirmat,
594 2464 681 2523 talem
693 2485 775 2543 posse
797 2473 826 2523 et
840 2464 943 2523 debere

48 2562 121 2603 erum
131 2549 355 2605 communicare:
384 2550 451 2625 quic
463 2553 632 2625 preceptum
647 2547 771 2604 divinum
786 2555 829 2604 est
843 2545 889 2623 (ut
901 2549 944 2604 in-

48 2625 156 2684 alarius
168 2626 287 2699 dicetur)
303 2628 530 2686 communicandi
550 2626 578 2685 in
602 2630 697 2685 mortis
720 2628 855 2694 articulo;
877 2625 946 2686 huic
972 2684 975 2689 .

48 2713 117 2765 rtem
131 2707 196 2765 talis
211 2708 334 2766 nondum
355 2708 506 2776 satisfecit3
535 2713 599 2766 crim
613 2707 696 2765 marre
711 2707 776 2766 dum
792 2710 944 2766 communi·

48 2789 93 2844 ivit
104 2807 198 2861 sonus,
211 2790 330 2846 necdum
344 2790 497 2864 obligarem
522 2799 551 2847 et
563 2791 609 2847 cui
623 2797 763 2866 precepto
783 2797 881 2865 utpote
901 2788 944 2847 di·

49 2886 82 2926 no
96 2869 193 2927 cedere
207 2867 292 2941 debet
306 2869 535 2929 Ecclesiasticum
551 2889 605 2928 non
617 2868 843 2927 communicandi
856 2868 898 2926 bis
908 2870 944 2927 de

48 2966 77 3005 rc.

61 3029 160 3087 Tertia
172 3032 317 3100 sententie,
333 3051 418 3109 quem
432 3032 504 3090 inter
516 3031 585 3089 ulios
609 3037 705 3090 tenent
729 3030 844 3097 Suurez,
861 3030 943 3108 Wig·

48 3128 95 3182 ers,
120 3111 253 3190 Steyeert
277 3121 305 3170 ct
333 3112 459 3181 Biduum,
488 3123 581 3189 negat,
612 3111 697 3170 talem
721 3132 802 3188 posse
826 3111 869 3169 vel
897 3111 945 3169 de·

48 3209 86 3248 ere
108 3196 331 3251 communicare:
352 3197 420 3270 quic
433 3193 541 3252 scilicet
561 3194 758 3252 convenienter
770 3213 824 3251 non
847 3199 945 3271 potest,

48 3274 103 3330 rsic
118 3281 210 3329 cessat
224 3284 391 3352 praeceptum
401 3274 533 3332 divinum.

64 3353 190 3420 Accedit,
205 3353 279 3431 quod
294 3355 355 3413 talis
379 3354 520 3413 moraliter
534 3354 628 3413 adhuc
655 3354 799 3413 Viaticnm
825 3353 901 3432 apud
914 3375 943 3412 se

48 3433 132 3499 ibent,
148 3436 225 3513 quod
239 3437 392 3494 intentione
406 3437 506 3493 saltem
520 3437 725 3516 interpretaturi
739 3446 873 3514 tunquam
887 3437 943 3495 tcle

48 3532 79 3572 un
99 3517 145 3574 sit.

62 3534 192 3666 Idunum,
202 3597 293 3675 inquit
302 3595 569 3656 BenedictuleV.
578 3596 626 3656 lib.
637 3595 666 3656 ⁷.
677 3597 713 3655 de
719 3596 838 3674 synodo
849 3598 945 3656 Dr'oec.

48 3695 80 3755 rp.
93 3675 140 3749 11,
154 3697 233 3734 num.
246 3677 275 3737 ³.
289 3678 449 3757 opinionum
462 3682 593 3738 varietate
615 3680 825 3757 Doctorumque
838 3680 940 3737 discre-

848 3761 944 3840 pentic
