2130 3990
356 197 397 243 nr
418 197 633 242 rucuamsnrs.
895 182 957 245 m

61 343 139 423 Ohj.
164 343 204 403 ll.
220 342 397 404 certificetur
414 343 505 404 forma
522 342 730 403 remanentibus
744 340 888 422 speciebus
902 343 956 402 Pa·

49 445 83 483 ιε
105 446 172 505 ergo
186 427 272 484 etiam
287 426 471 485 radicaretur
484 433 647 485 remanente
659 423 814 485 substantia
828 424 926 483 Panis.

64 506 107 566 R
134 508 291 587 Disperitas
318 515 370 579 cst,
391 507 464 586 qnod
479 527 516 565 ex
531 515 633 564 natura
646 515 674 564 et
687 505 830 565 communi
844 524 897 563 usu
917 504 957 564 lo·

49 587 134 647 rendi
149 607 299 667 pronomen
312 588 368 647 lrec
378 607 434 647 nou
446 587 618 646 demonstret
627 586 793 655 accidentia,
807 585 856 645 sed
867 588 958 665 ipsam

49 668 224 741 rbstantiam,
235 677 331 748 utpote
339 669 429 747 magis
438 667 628 748 principaliter
636 677 802 746 praesentem
814 666 958 744 :adeoque

49 792 51 805 .
67 770 139 809 casn
163 768 315 828 pronomen
339 749 394 808 hoc
408 769 463 807 non
477 748 603 827 designat
616 748 772 807 accidentia
787 748 885 817 Panis;
908 747 958 806 sed

49 833 185 908 asignaret
210 830 395 889 substantiam
419 830 512 902 Panis,
539 832 563 888 si
576 849 612 887 aa
623 838 797 889 remaneret:
819 839 848 889 et
860 848 957 889 conse·

49 921 150 970 uwter
161 931 218 969 nen
232 909 417 970 verificaretur
431 912 594 990 propositio.

69 991 170 1051 Plures
183 992 356 1070 objectiones
369 991 431 1051 vide
445 991 522 1071 apud
537 991 677 1050 Daelmen
692 1000 723 1051 ct
734 990 813 1052 alios.

67 1072 125 1132 lv.
140 1073 213 1131 Citra
228 1072 484 1133 transubstantiatio
508 1072 613 1131 babeat
626 1073 695 1131 duos
707 1074 850 1144 termines,
870 1089 958 1130 uuum

63 1156 132 1233 p'no,
153 1155 260 1213 scilicet
286 1155 469 1213 substantiam
492 1155 580 1213 Panis
603 1163 633 1212 et
646 1153 726 1226 Vini,
745 1162 775 1213 et
787 1153 907 1213 altarum
919 1151 961 1209 ud

50 1254 122 1308 uem,
151 1235 260 1294 scilicet
283 1236 389 1315 Corpus
407 1248 437 1293 et
459 1234 631 1313 Sanguinem
658 1233 778 1304 Christi;
801 1233 960 1314 disputatur

48 1325 100 1375 iter
123 1315 294 1395 theologos,
316 1315 459 1395 quomodo
476 1319 570 1375 vocari
598 1314 700 1374 debeat
713 1335 751 1373 ex
764 1325 845 1394 parte
858 1316 958 1373 utrius-

48 1417 93 1475 με).
136 1396 185 1455 Ex
202 1406 278 1475 parte
293 1398 454 1457 mutationis
475 1415 537 1477 qua
553 1396 624 1455 Pani
637 1404 667 1454 et
680 1394 756 1455 Vino
769 1394 883 1464 accidit,
903 1413 959 1453 non

48 1498 113 1537 usse
139 1479 229 1537 vocari
256 1477 508 1550 aemulationem,
528 1477 700 1537 demonstrat
721 1478 753 1536 S.
773 1477 880 1536 Thom.
901 1474 959 1534 bic.

48 1568 84 1618 rt
110 1562 140 1633 3,
154 1559 224 1639 quia
242 1579 338 1618 verum
365 1570 485 1633 nonest,
505 1558 688 1617 substantiam
704 1557 791 1617 Panis
804 1566 835 1617 et
848 1556 919 1617 Vini
929 1558 960 1614 in

48 1640 152 1700 ribilum
180 1639 268 1719 redigi
293 1640 383 1718 (quod
408 1640 548 1718 significat
560 1639 723 1710 annihilari)
739 1638 790 1698 sed
805 1639 907 1699 mutari
930 1639 960 1695 in

48 1719 118 1793 hod,
139 1720 248 1781 scilicet
274 1723 302 1779 in
325 1722 433 1801 Corpus
457 1731 485 1780 et
499 1723 672 1798 Sanguinem
686 1718 806 1779 Christi:
828 1718 960 1778 undern-

48 1802 106 1862 ionc
116 1802 228 1861 termini
241 1804 261 1862 d
276 1821 333 1880 pue
345 1801 420 1861 recte
434 1800 537 1861 dicitur
551 1803 713 1860 corruersie.

72 1881 112 1942 V.
127 1881 177 1940 Ob
205 1883 324 1942 similem
352 1885 487 1943 rationem
511 1883 675 1960 raetiaque
700 1881 814 1961 ponitur
840 1898 962 1962 praesens

48 1960 141 2042 lorpus
169 1962 287 2037 Christi,
307 1985 364 2024 non
390 1972 480 2043 potest
501 1963 556 2022 dici
575 1964 709 2022 Creatr‘o:
731 1963 799 2041 quia
812 1980 906 2022 creare
920 1970 962 2020 est

48 2044 139 2123 liquid
162 2065 200 2103 ex
214 2043 305 2105 nihilo
328 2044 494 2126 producere3
518 2045 627 2123 Corpus
639 2050 732 2104 autem
757 2042 863 2103 Christi
876 2041 961 2104 confi·

48 2126 107 2185 itur
120 2145 158 2183 ex
176 2126 265 2184 Pane.

70 2206 179 2287 Neque
193 2209 279 2265 etiam
293 2206 438 2279 adductio,
459 2208 540 2286 quasi
554 2206 663 2286 Corpus
677 2213 707 2265 et
720 2205 840 2282 Sanguis
854 2222 892 2265 ex
907 2203 962 2265 allo

48 2306 94 2347 >ce
118 2286 177 2346 huc
191 2286 377 2360 adducantur,
397 2297 426 2345 et
441 2288 502 2346 loco
518 2288 603 2347 Panis
617 2294 647 2347 et
658 2286 729 2346 Vini
741 2285 961 2354 substituantur;

47 2366 81 2427 ad
94 2368 193 2449 potiris
206 2368 388 2447 reproduetio
402 2371 498 2427 meniu
507 2367 680 2449 appellatur:
695 2370 762 2449 quia
770 2366 845 2427 ldcm
856 2370 965 2447 Corpus

48 2456 59 2509 t
72 2446 205 2528 Sanguis,
227 2468 292 2527 quse
310 2458 376 2508 suut
390 2452 417 2507 in
434 2449 516 2509 Coelo
537 2458 565 2508 et
578 2449 681 2509 ibidem
695 2454 823 2522 manent,
833 2446 886 2508 sub
898 2464 963 2528 spe·

47 2530 128 2589 iebus
144 2530 228 2589 Panis
242 2541 271 2589 et
289 2529 355 2587 Vini
374 2528 580 2623 producuntur:
603 2532 678 2591 unde
697 2551 752 2590 non
766 2538 806 2588 est
818 2528 965 2609 productio

47 2610 199 2691 impliciter
221 2619 251 2669 et
264 2611 400 2679 absolute,
423 2614 501 2690 quasi
523 2612 628 2690 Corpus
643 2613 743 2669 Christi
758 2618 841 2670 antea
864 2610 964 2670 nullibi

48 2694 147 2831 xisvtat,
160 2691 209 2750 sed
221 2694 368 2771 productio
380 2691 429 2751 tali
439 2692 533 2765 modo,
544 2695 651 2752 scilicet
660 2691 712 2750 sub
723 2691 866 2772 speciebus
877 2690 965 2751 Panis

47 2779 63 2831 et
109 2774 158 2832 inl.

74 2851 129 2913 VI.
159 2854 252 2912 Docet
266 2853 298 2912 S.
319 2853 446 2912 Thomas
465 2853 511 2913 hic
536 2861 585 2912 art.
601 2853 630 2913 7.
644 2853 964 2913 transubstantiationem

47 2935 96 2993 ieri
118 2937 148 2993 in
171 2935 299 2992 instanti:
320 2936 360 2992 sic
381 2938 512 2994 nimirum
531 2935 607 2992 utin
622 2931 965 3013 fineprolationislorma

47 3015 147 3074 [minat
159 3016 255 3073 statim
274 3014 428 3075 substantia
450 3017 534 3074 Panis
548 3016 653 3089 etvini,
668 3024 696 3072 et
710 3034 829 3094 presens
844 3016 879 3072 sit
894 3014 965 3073 Cor·

47 3115 88 3155 ius
100 3103 130 3155 et
143 3096 264 3174 Sanguis
280 3095 382 3155 Christi
394 3122 402 3170 ;
423 3100 463 3155 ita
476 3105 506 3154 ut
518 3098 637 3175 primum
657 3098 761 3154 instans
775 3116 832 3154 non
845 3096 965 3155 existen·

47 3178 83 3236 ioe
97 3176 184 3237 Panis
197 3178 232 3237 sit
246 3178 366 3257 primum
382 3182 485 3238 instans
499 3179 651 3258 prasentia
667 3177 797 3259 Corporis
813 3175 924 3236 Christi.
