2130 3990
63 192 118 253 1·θῦ
441 202 619 261 suaseras

102 349 158 412 IV.
170 348 213 409 3⁰·
230 348 421 409 manaim
431 350 554 428 exprimi
567 347 652 408 debet
663 354 744 407 aetus
753 345 982 425 baptinnntisrst

63 431 175 511 quidem
199 430 297 500 taliter,
318 439 351 490 ut
363 429 411 488 hic
425 440 453 489 et
466 448 542 489 nunc
554 429 711 508 designetur
732 427 870 500 exemti,
886 428 983 489 sivest

61 514 153 572 forma
165 513 202 572 sit
214 511 365 571 indicativa
377 512 699 590 ablutionisprmsentis:
719 518 751 569 ut
769 507 892 569 dicendo
910 507 982 587 ami
1008 510 1010 515 '

64 594 180 671 iatincs
203 592 332 671 baptiso,
361 590 440 672 apud
460 592 575 651 Grecos
595 591 776 671 baptisatur.
799 588 983 651 scilicetne·

64 677 241 735 ministerio.
728 678 736 695 ⁸
939 714 943 723 ·

71 804 74 811 .
106 752 214 815 Praeter
235 753 346 833 praxim
368 755 510 833 utriusque
524 751 660 812 Ecclesia
672 750 745 811 idem
759 757 889 833 putem
902 749 984 811 Aleu-

64 834 152 895 andro
164 834 220 893 ΙΙΙ.
242 833 292 893 lib.
305 831 335 891 3.
349 835 433 894 Decr.
446 839 490 894 tit.
503 835 539 893 de
551 833 716 911 Buptrsmo,
728 852 792 912 cap.
808 830 838 893 1.
850 850 984 911 quemne·

66 926 148 976 cutus
161 913 326 975 Alexander
338 913 428 974 Vlli.
442 914 587 975 damnarit
599 915 675 975 hana
686 912 738 975 27.
760 914 985 994 pmpmitinuan:

67 1001 87 1031 “
103 997 201 1057 Valuit
218 995 369 1073 aliqnando
385 997 548 1075 Baptismus
560 994 613 1055 sub
625 994 681 1053 hac
693 990 932 1063 fena-eonem
954 992 985 1055 Is

66 1076 197 1139 Nomine
208 1077 321 1144 Petrus,
335 1082 365 1135 et
378 1075 459 1149 ntus,
470 1082 500 1135 et
513 1072 645 1155 Spr'ritria
659 1074 767 1135 Sancti
772 1098 786 1142 ‚·
807 1076 988 1155 praetermiu‘

66 1158 132 1227 iliis.
163 1157 235 1237 Ego
245 1166 275 1217 te
287 1157 434 1236 baptmol'
475 1160 515 1219 Et
526 1156 765 1237 quamrisvaleret
778 1154 987 1236 Baptimns-rii·

66 1237 169 1307 sendo,
183 1237 384 1313 etiamtiam,
396 1236 449 1298 &a
460 1238 574 1299 verbum
584 1246 678 1301 tamen
692 1237 807 1316 baptiso
818 1236 987 1299 maenium

67 1329 112 1378 est
131 1320 219 1399 juxta
232 1321 344 1400 praxim
360 1318 504 1389 Ecclesia,
523 1322 699 1387 etiamtunc,
719 1318 878 1396 quanto-'m
892 1318 989 1396 misssi

66 1401 164 1481 lingua
176 1401 347 1481 baptizatur:
369 1408 399 1459 et
408 1403 450 1460 ita
462 1421 488 1458 v.
502 1420 530 1479 g.
544 1399 683 1460 flandrica
696 1399 826 1459 adhiberi
837 1398 926 1458 debet
936 1416 988 1457 mr·

67 1482 135 1563 irum
151 1480 286 1562 Dooperr,
305 1490 335 1541 st
347 1480 449 1559 gallicis
464 1481 613 1560 Beptr'ser.
796 1488 799 1497 '

109 1562 150 1623 V.
166 1562 208 1618 4⁰·
233 1563 266 1621 Si
279 1563 425 1623 omittatur
437 1562 573 1642 particula
587 1566 630 1635 r'n,
639 1560 726 1642 juxta
740 1560 883 1621 Daelmaa
896 1560 990 1621 Sacra·

68 1653 197 1704 mentum
222 1652 266 1703 ast
290 1642 418 1714 nulium
449 1648 518 1723 quia
543 1650 654 1703 tantum
678 1641 895 1721 significaretur,
921 1638 993 1720 quid

71 1725 234 1804 Baptismus
255 1727 318 1785 vice
337 1733 366 1783 et
383 1725 588 1793 commissione,
610 1743 666 1785 non
685 1733 781 1783 autem
800 1723 828 1783 vi
846 1731 877 1783 et
896 1722 992 1785 virne

70 1806 239 1864 Divinarum
253 1805 439 1864 Personarum
451 1804 610 1864 conferatur
618 1824 625 1874 ;
648 1807 786 1884 posterius
802 1812 901 1865 tamen
912 1804 992 1865 enen

68 1905 152 2025 porge
174 1885 322 1966 significari
345 1886 413 1946 dicit
434 1886 581 1965 Steyaert:
602 1888 714 1946 interim
734 1885 825 1946 forma
837 1887 914 1945 oeno
926 1890 995 1945 eser

69 1986 116 2026 nm
138 1987 146 2024 1
186 1988 204 2025 a
841 2000 844 2005 ·

72 2108 75 2113 ,
112 1986 223 2115 vigum·
245 2047 277 2107 Si
289 2046 422 2107 Minister
434 2046 539 2108 diceret
551 2047 613 2113 loco
628 2045 807 2121 innomine,
824 2049 857 2107 in
873 2050 995 2109 nanim·

75 2127 134 2198 our,
151 2130 365 2189 Sacramentum
377 2127 453 2188 soret
463 2129 586 2201 nullum
606 2128 996 2208 quiasigaificareturdivem

68 2213 163 2278 virtus,
184 2217 212 2269 et
226 2219 424 2288 consequenter
437 2209 545 2268 diversa
560 2211 679 2268 essentia
692 2212 721 2268 in
737 2211 844 2270 Divinis
861 2210 994 2269 Persem.

76 2356 79 2361 ,
111 2292 145 2349 Si
165 2300 260 2351 sutem
282 2289 352 2351 iliud
373 2293 405 2347 r'o
420 2290 550 2351 Nomine
563 2291 688 2349 seeundo
701 2291 744 2350 val
758 2293 838 2350 tertia
851 2298 995 2369 repetatur,

76 2370 207 2445 dicendo,
221 2369 258 2431 ln
277 2368 406 2431 Nomine
419 2371 526 2431 Putria
539 2376 568 2431 et
581 2374 613 2430 in
629 2371 756 2431 Nomine
767 2369 848 2441 Filii,
864 2368 919 2430 &a
934 2370 998 2449 Syr·

70 2453 141 2523 vius,
159 2450 221 2510 Van
232 2453 297 2529 Roy
310 2460 340 2510 at
354 2451 480 2525 Biliuart
494 2462 594 2531 putant
606 2452 696 2512 valere
706 2475 713 2511 :
725 2452 793 2530 quid
804 2453 854 2513 illa
865 2451 997 2531 multipli-

73 2536 152 2601 catio·
162 2553 220 2592 non
232 2531 565 2612 importatdisersitstem
576 2535 681 2592 virtutis
695 2544 725 2593 et
737 2537 882 2606 essentiam
898 2533 996 2593 rectius

72 2626 169 2677 temen
186 2613 320 2687 Boudart,
340 2614 480 2687 Pauwels,
496 2616 611 2675 Neesen
623 2623 653 2674 et
667 2614 809 2675 Daelman
823 2614 924 2675 dicunt
936 2634 996 2673 can·

68 2698 200 2765 trarium;
224 2697 291 2776 quia
303 2697 428 2770 quamvis
445 2696 924 2776 tuncnonimporteturdiversitas,
943 2715 994 2755 non

73 2773 206 2855 equidem
217 2777 388 2856 significatur
398 2776 539 2837 identitas.

113 2856 185 2916 Vll.
202 2861 246 2917 60'
262 2860 308 2916 De
320 2860 441 2916 essentia
453 2857 551 2916 formae
567 2865 609 2915 est
626 2861 802 2937 expresserat
815 2857 993 2917 distinctaiu·

71 2939 180 3001 vocstm
194 2936 277 2999 trium
292 2938 484 3012 Personarum,
503 2940 591 3016 idque
613 2939 666 2999 sub
688 2936 846 2997 nominibus
868 2940 993 3017 propriis:

69 3020 141 3077 ratio
171 3019 331 3097 principalis
353 3028 397 3079 est
418 3019 546 3079 voluntas
569 3018 676 3079 Christi
703 3018 783 3078 nobis
810 3018 995 3089 manifestata.

73 3097 183 3159 Matth.
205 3096 255 3156 28.
278 3100 365 3159 simul
388 3110 418 3159 at
438 3120 487 3180 per
509 3110 683 3159 constantem
707 3099 842 3159 Ecclesia
869 3103 997 3159 universa

70 3178 247 3239 traditionem
260 3188 289 3237 et
302 3182 423 3259 praxim,
435 3201 469 3243 ac
480 3182 626 3241 innumera
634 3182 687 3241 SS.
700 3181 817 3239 Petrum
832 3184 995 3243 testimonie·

73 3260 159 3321 Ratio
183 3265 370 3339 congruentiae
390 3271 443 3329 ast,
468 3262 542 3341 quod
565 3260 725 3340 Baptismus
737 3263 773 3323 sit
784 3261 997 3325 Sacmmentunr

70 3341 236 3479 ssiiiafiwm
248 3340 326 3416 fidei,
347 3340 596 3423 cujusprinrarium
605 3342 749 3422 objectum
760 3353 804 3406 est
817 3344 997 3405 &nciam

100 3424 203 3480 unitas.
959 3470 961 3475 .

112 3501 191 3563 Hine
213 3525 271 3565 non
293 3504 396 3566 valeret
418 3503 581 3584 Baptismus
601 3505 653 3566 snb
671 3505 720 3567 -his
742 3503 840 3565 formis
864 3505 997 3567 collatus:

70 3581 142 3663 ugo
154 3593 184 3645 te
198 3584 318 3666 tantm
328 3589 359 3647 in
373 3591 496 3653 nomiae,
504 3585 704 3649 &ecthesim
719 3587 885 3661 Trinitatis,
907 3585 955 3649 vei
967 3590 998 3647 is
