2130 3990
87 172 146 231 208
468 189 646 235 succussus

126 334 166 391 2⁰·
192 334 232 394 Ut
245 336 281 394 sit
294 334 407 393 tutionis
420 354 550 415 compos:
572 338 640 416 quis
653 338 792 415 susceptio
805 343 848 395 est
861 337 980 416 implicit

85 424 251 475 contractus.

129 496 170 552 3⁰·
194 496 236 556 Ut
257 500 293 556 sit
314 497 473 575 designatus
487 499 505 554 ri
520 497 685 556 Parentibus
700 497 743 556 rel
756 497 828 572 aliis,
848 496 952 576 quihus
968 503 980 561 i

83 578 191 637 oumbit
203 598 276 646 eura,
298 587 330 636 ut
352 576 444 637 iniens
457 578 614 657 baptizetur
626 601 633 650 ;
648 582 737 638 autin
752 578 851 638 horum
867 578 976 639 deiectu

82 661 207 731 Pastore,
227 658 264 718 ad
287 677 368 737 quem
383 666 491 737 spectet
506 660 648 719 Petrinum
662 660 837 740 designatum
852 659 980 723 admittar

82 741 125 800 vel
138 760 176 799 ex
185 739 264 816 justa
275 760 361 798 cause
374 740 497 817 rejicere.

120 827 161 881 4⁰·
176 820 217 881 Ut
229 822 441 879 Sacramentum
456 822 591 900 Baptismi
603 822 640 880 sit
653 819 783 880 validum.

119 903 163 960 5·-
187 901 230 962 Ut
250 921 306 960 non
328 904 366 961 sit
386 920 461 961 error
483 899 680 968 substantialis,
709 904 800 981 quatis
822 906 980 966 communit

81 991 209 1041 censetur
221 1002 296 1042 error
307 982 393 1063 ipsius
403 1001 526 1061 persone
542 980 724 1063 baptisandis.

121 1066 160 1120 6⁰·
184 1064 228 1126 Ut
248 1065 357 1122 assistat
379 1065 408 1123 in
432 1064 571 1142 Baptismi
592 1063 741 1123 collatione
763 1084 830 1124 cum
853 1067 980 1127 intentior

77 1145 177 1204 ssltenr
190 1145 301 1204 virtuali
315 1146 457 1204 Petrinum
471 1144 582 1223 agendi.

120 1229 158 1287 2⁰·
174 1229 276 1286 Praeter
290 1226 362 1283 hano
372 1226 554 1284 assistentiam
570 1225 661 1304 plures
675 1223 790 1285 ulterius
803 1229 980 1306 requirenti

78 1316 221 1388 susceptor
230 1306 402 1384 baptizatum
413 1315 525 1384 tangat:
540 1306 606 1366 hinc
620 1306 691 1364 dicit
709 1307 850 1366 Pastorale
863 1321 980 1369 nostrum

77 1389 247 1448 “Sacerdos
264 1385 365 1465 jubeat
389 1387 530 1446 Petrinum
549 1387 593 1446 vei
606 1396 755 1466 utrumque
767 1390 852 1448 simul
869 1390 907 1469 (si
921 1391 980 1463 emh

78 1472 260 1536 admittantur
281 1466 417 1527 infantem
437 1466 590 1546 suscipere)
615 1487 754 1549 apponere
774 1490 892 1531 manum
912 1470 980 1551 bapt

77 1551 180 1624 zaudo,
194 1559 224 1607 et
235 1549 359 1629 baptiset
370 1567 445 1622 eum,
459 1547 532 1608 &o.'’

119 1631 252 1691 Fundani
273 1648 304 1688 se
325 1631 354 1690 in
377 1649 421 1702 eo,
440 1629 516 1708 quod
538 1633 630 1689 textus
654 1627 691 1687 de
717 1631 835 1690 Patriuo
855 1631 980 1711 loquente

76 1720 235 1772 constanter
251 1709 348 1770 dicent
371 1709 515 1789 Suscipit
539 1709 811 1783 senescentes.
833 1715 980 1773 contrarius

75 1805 153 1852 terret
166 1794 288 1871 Sylvius.

117 1875 194 1945 Quid
206 1876 229 1933 si
241 1874 331 1953 plures
341 1873 426 1950 quim
437 1872 492 1931 duo
503 1872 607 1932 Petrini
621 1869 810 1950 designentur,
817 1883 848 1933 et
857 1874 980 1935 Parochu

76 1976 123 2013 eos
136 1954 286 2014 admittat?

117 2037 203 2096 VlIt.
232 2036 267 2094 R.
292 2033 433 2092 Psroohus
444 2035 677 2111 graviterpecoat
699 2041 792 2114 utpote
806 2057 892 2115 agens
907 2045 980 2099 contu

77 2118 211 2177 Ecclesiae
223 2115 427 2175 ordinationem
440 2117 469 2173 in
492 2134 522 2173 re
535 2117 624 2194 gravi;
648 2135 747 2175 omues
758 2125 852 2176 tamen
867 2121 980 2178 verisimi

73 2201 124 2257 iius
145 2203 239 2257 essent
260 2196 324 2256 rere
347 2196 460 2265 Petrini,
482 2204 510 2254 et
533 2198 724 2272 cognationem
745 2200 918 2276 spiritualem
932 2220 978 2259 con

71 2282 228 2339 traherent:
248 2276 386 2358 quiahaeo
395 2277 512 2335 Concilii
524 2277 603 2335 Trid.
619 2276 756 2336 ordinatio
766 2300 821 2338 non
831 2280 979 2342 admittenti

70 2364 160 2438 plures
173 2363 257 2440 quim
274 2377 361 2416 unum
374 2365 406 2416 et
417 2377 511 2425 unam,
528 2378 582 2416 non
598 2357 703 2417 videtur
715 2361 890 2439 irritensgsed
904 2362 980 2442 prohi

68 2442 136 2499 bans
151 2450 269 2500 tantum.

112 2525 158 2579 An
173 2522 266 2580 valide
279 2530 321 2579 est
332 2523 470 2600 susceptio
484 2539 534 2598 per
548 2519 777 2580 Procuratorem?

112 2602 165 2662 IX.
177 2603 215 2662 R.
239 2601 435 2660 Affirmative:
455 2599 555 2659 eodem
569 2601 651 2660 modo
664 2605 736 2661 sicut
749 2605 822 2662 vaiet
835 2613 980 2665 contractu

69 2706 117 2764 per
132 2685 341 2744 Procuratorem
356 2683 461 2749 initus3
483 2681 566 2740 modo
578 2683 683 2740 scilicet
695 2684 852 2762 principalis
864 2697 980 2765 accepte·

69 2770 137 2825 verit
149 2765 273 2826 officium
288 2764 405 2831 Petrini‚
420 2771 450 2821 et
458 2761 622 2822 facultatem
631 2765 770 2823 concedat
784 2766 980 2826 Procuratores

68 2847 261 2913 substituendi,
272 2843 308 2904 de
320 2865 376 2923 quo
386 2843 472 2902 dehet
489 2843 613 2902 Parocho
624 2841 793 2906 sufficienter
805 2859 950 2907 constare:
963 2868 980 2905 s

66 2933 107 2986 ita
120 2933 142 2987 si
157 2937 236 3006 pater
250 2948 274 2987 u.
285 2945 311 3004 g.
326 2924 420 2985 dicet:
445 2924 512 2985 Nou
527 2928 630 2985 monui
634 2927 842 3005 principalem,
855 2931 910 2988 sert
920 2934 978 2988 sert

68 3011 132 3067 bam
147 3014 218 3088 ἱροί,
238 3017 266 3067 et
277 3011 348 3080 scio,
368 3007 450 3086 quod
460 3009 500 3065 sit
501 3004 631 3084 futurus
643 3016 797 3067 contentus
805 3033 818 3075 ‚·
840 3019 909 3068 tuno
925 3011 980 3070 Pus

66 3103 108 3151 tor
136 3112 190 3150 uon
218 3088 303 3149 debet
323 3089 408 3149 talem
428 3087 644 3166 designationem
668 3086 922 3163 admittamini
942 3110 980 3171 pei

66 3172 290 3232 ratihabitionem
305 3171 485 3248 posteriorem
500 3188 582 3226 nemo
595 3168 646 3229 fist
659 3168 798 3229 Petrinus.

107 3255 140 3313 in
155 3272 220 3311 casu
235 3260 397 3310 autemnon
414 3249 588 3315 Procurator,
609 3250 658 3311 sed
680 3251 840 3331 principalis
861 3260 906 3311 est
928 3254 980 3312 veri

66 3335 208 3404 Petrinus,
229 3332 357 3410 adeoque
381 3329 438 3402 hio,
457 3349 512 3387 non
531 3329 579 3387 itte
600 3331 740 3391 contrahit
757 3333 941 3413 obligationes
960 3355 980 3393 er

65 3417 258 3492 cognationem
269 3410 455 3493 spiritualem:
481 3408 698 3471 maudattamsn
711 3413 853 3475 Pastorsie
863 3426 980 3476 nostrum

62 3506 92 3554 ut
103 3511 169 3554 tunc
180 3504 237 3554 tam
246 3502 414 3574 procurator,
422 3491 507 3570 quim
517 3492 603 3570 princi
626 3491 676 3561 slis
686 3493 980 3576 RegistroBsptismsii

62 3575 288 3716 ilpsoribsturhoo
299 3573 382 3636 modo
395 3593 402 3631 ε
417 3572 457 3632 Ν.
472 3511 640 3641 nomimis.
652 3594 675 3633 r.
687 3576 980 3655 glomerarentur

93 3661 158 3717 etrt‘.
