2130 3990
364 203 405 246 nr
421 200 669 253 incrustaturas.
940 188 981 253 41

54 340 99 407 13.
116 347 245 407 Cadaver
267 356 385 425 tangens
403 369 466 413 ossa
489 347 585 409 Eiisaei
601 349 719 408 revixit:
740 345 802 409 ride
816 349 899 409 etiam
914 371 980 430 cap.

50 429 100 486 23.
117 450 144 488 v.
162 429 208 487 18.
234 428 342 489 Matth.
366 450 429 509 cap.
456 433 485 491 9.
511 449 535 488 v.
557 428 607 488 20.
649 428 875 490 Haemorrhoisea
889 435 981 511 tangit

52 513 165 569 summai
192 529 255 568 cum
282 513 461 570 veneratione
490 508 628 569 fimbriam
659 511 770 580 Christi,
802 519 832 568 et
855 522 979 573 sanatur.

52 595 152 655 Actor.
164 593 195 651 5.
209 611 236 650 r.
255 591 300 650 15.
322 601 473 672 exponunt
495 590 593 651 fideles
621 591 747 652 infirmos
771 593 800 651 ia
814 591 925 670 plateis,
946 605 980 653 ut

50 672 152 732 saltem
166 671 267 731 umbra
281 672 358 731 Petri
371 693 419 732 eos
433 671 622 746 obumbraret,
635 681 664 732 et
676 679 853 731 sanarentur:
874 683 903 733 et
916 694 979 754 cap.

54 752 102 814 19.
118 775 144 812 v.
162 755 207 814 12.
222 773 305 833 super
318 753 460 832 languidos
474 753 757 812 deferuntursudaria
766 763 795 813 et
806 757 980 815 semicinctia

51 839 145 895 saneti
157 833 249 905 Pauli,
271 845 300 892 et
312 835 448 895 recedunt
456 834 493 894 ab
504 837 545 895 eis
558 837 719 913 languores.

95 915 246 978 Accedunt
265 915 407 977 Miracuia
426 916 506 977 facta
518 915 557 975 ad
570 920 736 995 presentiam
751 936 802 976 sou
816 913 852 974 ad
868 923 978 977 contae-

51 1011 115 1065 tum
127 1007 231 1059 sanctae
242 1000 339 1056 Crucis
352 1007 382 1057 et
398 997 573 1077 reliquiarum
588 997 768 1058 Sanctorum.

94 1079 155 1140 111.
173 1077 304 1145 Tandem
324 1078 455 1158 probatur
474 1081 581 1138 ratione
594 1077 713 1139 fundata
725 1081 754 1139 iu
768 1077 858 1136 verbis
872 1076 902 1134 S.
917 1076 978 1143 Au·

53 1163 173 1242 gustini:
209 1159 297 1229 “Qui
328 1159 414 1219 habet
441 1159 574 1220 affectum
603 1159 640 1218 ad
674 1158 803 1238 aliquem,
837 1168 981 1215 veneratur

54 1239 224 1315 omnipihm
245 1260 305 1319 quae
320 1239 356 1301 do
368 1243 428 1321 ipso
441 1248 504 1322 post
523 1249 642 1300 mortem
666 1237 893 1320 relinquuntur;''
915 1257 979 1315 argo

54 1334 120 1386 crim
133 1325 252 1380 Sanctus
264 1331 399 1402 tanquam
414 1323 542 1389 membra
556 1320 659 1380 Christi
676 1329 706 1380 et
718 1331 824 1381 nostros
847 1321 979 1378 interces-

53 1426 126 1471 sores
137 1422 316 1477 veneremur,
332 1411 529 1483 cousequenter
548 1403 633 1463 otiam
656 1402 789 1463 dabamus
811 1417 904 1460 eorum
922 1400 980 1460 Re·

54 1487 151 1569 liqoias
165 1485 272 1545 honore
286 1504 407 1563 congruo
417 1488 446 1546 in
460 1504 557 1544 eorum
569 1487 730 1545 memoriam
745 1484 877 1543 venerari.

94 1568 158 1639 Quo
172 1565 253 1625 cultu
264 1565 402 1646 Reliquiae
416 1564 604 1627 honorantur?

96 1647 150 1706 IV.
173 1646 211 1707 R.
227 1645 316 1705 Simili
338 1646 422 1709 modo
446 1657 475 1707 et
488 1648 572 1715 cultu,
595 1665 650 1722 quo
665 1648 800 1725 imagines
825 1640 930 1704 Christi
952 1650 981 1719 et

55 1731 236 1799 Sanctorum,
259 1728 415 1789 secundum
438 1728 515 1789 dicta
537 1729 627 1788 Num.
655 1726 706 1787 27.
724 1728 853 1807 adeoque
879 1723 979 1786 eodem

59 1810 132 1871 cultu
152 1829 213 1888 quo
224 1808 376 1874 honoratur
385 1829 510 1890 persona,
534 1808 616 1887 cujus
629 1817 694 1869 suat
709 1809 854 1887 Reliquiae,
876 1805 924 1866 sed
934 1825 978 1865 re-

58 1893 139 1959 lativo
151 1910 204 1950 seu
219 1892 380 1970 respectiva,
393 1894 465 1951 siout
478 1894 552 1950 anim
565 1890 704 1970 Imagines
717 1890 898 1959 honorantur,
911 1890 980 1966 quia

58 1981 256 2053 repraesentant
279 1980 446 2052 prototypon
470 1994 519 2032 seu
546 1991 702 2052 personam,
723 1975 764 2032 ita
786 1979 816 2030 et
830 1969 977 2048 Reliquiae,

57 2061 81 2117 iu
94 2059 234 2135 quantum
248 2056 276 2112 ei
289 2052 444 2131 conjunctae
456 2063 521 2114 suut
531 2057 576 2113 rel
588 2053 711 2112 fuerunt.

92 2135 165 2213 Obj.
182 2135 208 2193 1.
223 2133 349 2193 Christus
364 2136 393 2194 M
400 2135 470 2197 auh.
485 2157 547 2216 cap.
559 2135 609 2195 23.
624 2155 648 2191 v.
667 2135 715 2195 29.
730 2132 816 2193 dicit:
837 2138 857 2166 “
869 2132 920 2190 Vre
933 2154 978 2191 vo-

57 2217 93 2278 his
106 2217 216 2277 Scrihae
229 2225 258 2274 et
273 2215 413 2290 Pharisaei,
434 2218 598 2297 hypocrita,
619 2218 668 2294 qui
681 2215 822 2276 adificatis
833 2214 980 2294 sepulchra

58 2298 275 2379 Prophetarum,
296 2309 325 2355 et
337 2301 440 2357 omatis
452 2308 634 2358 monumenta
643 2297 817 2375 justorum:”
838 2317 903 2375 ergo
914 2316 977 2377 pro·

56 2381 131 2441 hibet
141 2379 251 2438 cultum
266 2377 470 2457 Reliquiarum.

93 2462 133 2529 R.
151 2461 236 2539 Nego
250 2479 359 2538 conseq.
377 2463 454 2528 Quia
468 2459 596 2520 Christus
610 2482 664 2520 non
692 2460 873 2539 reprehendit
884 2461 977 2538 ipsum

54 2541 171 2614 iactum,
191 2541 237 2600 sed
258 2539 430 2618 hypocrisim
444 2545 472 2601 in
495 2543 586 2600 facto:
608 2547 710 2600 namsi
733 2546 793 2623 quis
816 2544 915 2600 intueri
929 2560 977 2619 po·

55 2626 152 2682 tuisset
165 2622 256 2696 cordis
268 2620 363 2680 odium
382 2631 476 2682 contra
494 2624 644 2688 Christum,
666 2622 747 2700 cujus
761 2643 899 2702 precones
915 2622 977 2681 iuc-

53 2713 115 2763 rant
135 2704 295 2783 Prophetae,
311 2701 474 2779 judicasset,
496 2704 605 2763 Judeos
620 2704 673 2763 hoc
688 2704 788 2770 facere,
812 2724 868 2761 non
882 2705 977 2761 animo

52 2785 184 2863 religioso
210 2787 239 2843 in
262 2783 398 2845 honorem
420 2785 632 2864 Prophetarum,
654 2785 703 2845 scd
726 2786 818 2864 potiris
840 2788 868 2843 in
883 2786 977 2844 trium·

52 2865 143 2945 phum
156 2864 358 2925 homicidarum
373 2877 518 2945 parentum
533 2887 655 2925 suorum.

94 2947 167 3026 Obj.
185 2948 225 3005 ΙΙ.
239 2949 305 3004 Pius
319 2948 391 3004 filius
402 2968 457 3005 non
470 2948 780 3006 honoratinstrumonta
789 2946 976 3011 contumelia).

55 3029 157 3108 quibus
173 3029 256 3086 Pater
266 3028 326 3105 ejus
340 3031 446 3086 occisus
460 3038 517 3087 est:
540 3050 603 3106 ergo
618 3031 793 3087 Christianus
815 3049 871 3086 non
895 3028 978 3085 dehet

54 3114 179 3168 venerari
202 3129 321 3175 crucem,
343 3111 384 3169 vel
411 3112 468 3169 alia
494 3112 676 3170 instrumenta
701 3111 801 3170 Mortis
820 3109 924 3168 Christi
937 3110 977 3169 vol

54 3192 227 3269 Martyrum.

97 3273 136 3330 R.
154 3275 237 3349 Nego
251 3291 361 3348 conseq.
378 3273 458 3352 Disp.
473 3280 523 3342 est,
545 3272 619 3351 quiid
632 3275 815 3333 instrumenta
835 3277 977 3331 contume-

54 3353 128 3412 liosa
157 3354 255 3420 Patris,
278 3373 302 3409 v.
317 3373 342 3429 g.
359 3354 503 3431 flagellum
516 3360 556 3411 vei
582 3357 696 3432 lignum,
729 3354 936 3412 considerentur
960 3357 979 3411 a

55 3434 132 3492 Filio
147 3444 179 3492 ut
200 3433 379 3512 opprobrium
402 3434 444 3493 vel
472 3436 576 3494 malum
603 3438 693 3493 Patris
708 3435 819 3494 tantiam
831 3459 838 3507 ;
859 3438 882 3493 si
902 3438 977 3493 anim

55 3514 174 3575 faisant
188 3515 264 3572 Patri
286 3536 372 3573 causa
385 3517 570 3585 exaltationis,
593 3525 621 3573 ot
641 3517 713 3575 Filio
742 3517 926 3576 Liborationis
940 3537 978 3575 ex

54 3595 158 3653 acerba
173 3596 350 3672 Tyrannide,
373 3597 420 3656 ilia
433 3602 459 3656 in
474 3601 563 3678 pretio
582 3596 706 3656 haberat.
750 3599 813 3658 Nos
835 3601 919 3677 igitur
933 3618 977 3655 ve·

54 3695 188 3734 neramur
203 3681 331 3745 Crucem,
354 3680 407 3736 hro.
422 3699 475 3736 non
504 3679 642 3757 quatenus
666 3678 777 3738 fuorunt
795 3682 979 3739 iustrumenta

53 3759 158 3835 iniqua
182 3760 298 3819 actionis
320 3768 462 3829 tortorum,
485 3760 533 3820 sed
547 3764 684 3838 quatenus
706 3759 979 3833 ineruntyicroriosa
