2130 3990
93 180 133 242 82
315 224 318 229 >
464 200 641 246 moneres
708 226 712 233 -
762 224 765 231 ·

93 350 202 404 tentum
217 345 268 405 erit
280 342 467 414 accidentalis,
490 355 519 406 et
539 348 679 427 perficitur
699 347 913 406 Sacramentum
934 365 1020 425 quun·

92 432 152 489 ttim
167 433 209 485 est
220 446 256 486 ex
270 434 350 506 parte
362 426 466 486 forme.
978 484 981 491 .

135 509 264 566 Dicitur:
284 507 454 587 “,quantlrm
467 515 509 567 est
521 528 559 578 ex
571 518 649 589 parte
663 507 759 575 iormae
770 508 799 580 ;’'
831 511 897 586 quie
914 509 944 566 in
962 509 1019 569 Mi-

93 591 179 647 nistro
200 590 346 667 requiritur
362 591 479 648 intentio
499 588 628 664 faciendi,
649 589 723 665 quod
742 590 808 649 facit
831 588 970 659 Ecclesia,
993 598 1022 649 et

94 669 221 729 Christus
241 671 376 730 instituit:
398 677 427 728 et
439 670 504 730 hinc
527 674 575 751 qui
596 676 685 737 sciens
704 669 814 729 inducit
833 672 1019 731 mutationem

93 746 305 825 accidentalem,
319 771 403 829 quem
417 752 531 811 erronee
546 762 626 832 pietat
635 772 695 811 esse
708 748 893 821 essentialem,
907 751 1018 829 regula·

81 833 161 891 'riter
179 838 235 891 urin
259 831 367 913 perficit
379 833 611 906 Sacramentum
633 853 688 893 nou
702 833 816 913 quidem
831 830 943 890 defectu
958 853 1021 891 me-.

91 913 165 1052 ppriae
179 912 222 972 rel
235 912 339 986 forme,
355 913 406 973 red
419 913 531 975 deiectu
541 915 702 974 intentionis
714 913 848 981 faciendi,
861 911 937 993 quod
950 912 1020 974 facit

107 994 230 1054 'colmiae
282 1014 287 1021 ·
321 1039 325 1044 .
422 1016 435 1023 ··
499 1003 506 1025 ”
556 1016 561 1025 ·
617 1022 620 1026 ·
914 1018 917 1023 ·

131 1079 176 1134 An
191 1076 248 1143 illc,
269 1078 317 1154 qui
331 1084 420 1156 putet,
439 1075 561 1156 aliquam
576 1075 672 1135 formae
686 1084 796 1155 purtem
816 1095 872 1134 non
897 1094 957 1134 esse
968 1073 1016 1134 ¹de

90 1159 218 1231 essentie,
239 1175 300 1234 quae
324 1167 418 1217 tamen
443 1170 485 1217 est
507 1157 542 1216 de
555 1160 680 1226 essentia,
703 1167 731 1213 et
749 1156 826 1215 illum
841 1158 952 1215 iuterim
966 1155 1016 1215 ed·

90 1234 225 1296 vertenter
236 1239 347 1316 prefert,
366 1239 478 1299 conficit
490 1236 724 1298 Sacramentum?
748 1288 751 1293 .

132 1318 169 1377 R.
192 1318 364 1378 Probabiliris
377 1318 562 1378 affirmative:
582 1322 650 1398 quia
666 1339 731 1378 cum
747 1318 795 1379 illo
808 1336 902 1376 errore
913 1336 1016 1398 speon·

88 1398 174 1539 leptim
196 1410 252 1461 stet
274 1400 367 1460 adhuc
390 1421 455 1459 vera
474 1403 591 1460 intentio
612 1399 744 1474 faciendi,
764 1397 840 1478 quud
864 1398 932 1459 facit
956 1399 1014 1458 Ec-

90 1483 180 1538 'esieL
250 1518 253 1523 ·
320 1522 324 1529 -
358 1523 362 1529 -
614 1529 617 1533 .
783 1504 786 1510 ·
869 1526 872 1531 ⁴

127 1561 175 1620 V.'
187 1563 253 1632 Quo
265 1581 349 1620 sensu
363 1561 433 1621 dicit
444 1562 475 1620 S.
486 1561 613 1621 Thomas
626 1569 677 1621 nrt
693 1562 713 1618 8
727 1564 756 1620 in
769 1563 853 1639 Corp.
869 1558 942 1640 quid
955 1557 1013 1628 ille,

88 1645 135 1719 qui
157 1642 288 1722 eorrupte
305 1642 409 1722 profert
425 1642 518 1713 verba,
540 1642 684 1703 intendens
697 1662 745 1722 per
757 1641 918 1720 hujusmodi
932 1637 1013 1700 addi-
1044 1704 1046 1713 ,

87 1725 192 1783 tionem
214 1724 256 1782 vel
279 1723 492 1784 diminutionem
514 1724 600 1782 alium
621 1723 875 1796 Ritumindueere,
894 1723 1011 1800 quinon

86 1805 172 1863 eit-ab
187 1806 315 1864 Ecclesia
329 1814 461 1884 receptus,
483 1825 537 1864 uon
549 1804 676 1884 perficiat
688 1803 922 1874 Sacramentum?

129 1885 166 1944 R.
190 1885 339 1944 Rationem
359 1887 501 1964 subjungit
523 1888 553 1943 S.
569 1886 711 1969 'simmam
734 1890 877 1965 quianon
901 1881 1010 1942 videtur

83 1965 177 2025 ¹facere
197 1967 236 2033 id,
257 1966 332 2046 quod
355 1966 423 2026 feeit
438 1968 582 2026 Ecclesia:
604 1987 654 2046 per
679 1968 733 2025 hoc
754 1969 907 2034 insinuans,
928 1963 1008 2023 illum

87 2046 372 2120 vuidecoileurum.
386 2046 528 2106 si-hebeut
540 2049 614 2106 hanc
631 2051 826 2121 intentionem,
847 2056 877 2105 et
889 2048 1010 2105 tentatie

85 2147 142 2186 non
155 2131 191 2187 sit
203 2129 406 2199 substantialis3
428 2128 513 2202 uude,
535 2129 603 2188 licet
624 2132 720 2187 merito
742 2128 778 2186 (le
793 2130 843 2188 tali
856 2138 916 2186 tam
931 2127 1019 2186 mali·

84 2210 156 2268 tiosri
179 2221 280 2287 egente
300 2213 422 2290 suspicio
448 2212 486 2268 sit
507 2209 543 2268 de
564 2208 676 2269 deiectu
698 2212 865 2277 intentionis,
893 2218 1011 2268 nonest

84 2299 178 2349 tamen
197 2293 307 2370 signum
321 2303 436 2361 certum,
458 2290 506 2349 sed
521 2297 630 2350 tantum
644 2292 801 2370 probabile3
824 2292 917 2368 potuit
933 2292 1010 2347 enim

83 2372 122 2427 cic
145 2392 230 2447 egens
257 2371 362 2431 habere
389 2374 573 2430 intentionem
601 2373 757 2450 generalem
781 2369 913 2439 iaciendi,
933 2369 1009 2449 quod

83 2471 146 2509 rere
158 2454 260 2512 Christi
276 2453 406 2512 Ecclesia
419 2451 495 2511 fucit.
744 2493 748 2502 ·
944 2496 950 2501 -

123 2531 178 2592 VI.
201 2534 249 2592 Ex
266 2533 327 2613 jum
349 2534 430 2593 dictis
449 2534 582 2613 intellige,
603 2533 743 2614 quomodo
757 2532 911 2592 Zacharias
928 2532 1008 2612 Papa

82 2633 167 2693 supra
187 2615 290 2676 relatus
310 2618 394 2690 dicat,
415 2615 589 2694 Baptismum
608 2615 741 2674 collatum
764 2614 816 2673 sub
830 2614 885 2672 heo
897 2613 1005 2682 forme;

84 2699 102 2727 “
119 2696 178 2773 Ego
200 2705 230 2754 te
254 2696 362 2777 baptizo
385 2701 413 2756 in
438 2699 550 2754 nomine
564 2694 720 2766 Patrium
734 2692 817 2767 Filia,
839 2704 869 2753 et
882 2695 1006 2774 Spiritus

81 2776 217 2850 Sancta‚''
238 2798 299 2837 esse
314 2778 454 2848 ¹uulidum,
479 2780 502 2837 si
521 2777 551 2836 id
571 2778 677 2847 fectum
697 2780 733 2835 sit
751 2797 799 2856 per
820 2778 1006 2855 ignorantium

80 2857 181 2935 linguae
202 2858 305 2928 letinae,
334 2880 391 2918 non
410 2880 447 2918 ex
469 2862 573 2918 motivo
595 2858 788 2918 introducendi
812 2876 930 2918 errorem
957 2865 1007 2916 aut

80 2936 207 2996 haeresim
221 2960 227 2997 :
242 2943 270 2998 iu
286 2943 342 3000 hoe
354 2943 429 3000 enim
441 2960 508 2999 cusu
523 2940 569 3020 (ut
581 2939 784 3000 mox·vidimus
793 2959 831 2997 ex
843 2941 872 2996 S.
881 2937 1003 3016 Thom.)

83 3018 145 3078 talis
169 3039 224 3078 non
249 3021 388 3099 rideretur
408 3021 509 3091 facere,
531 3022 604 3100 quod
627 3021 694 3081 feeit
719 3020 863 3090 Ecclesiu3
894 3029 955 3078 tum
976 3031 1024 3080 et·

79 3101 227 3180 praecipu'e,
245 3101 321 3179 qued
342 3100 392 3160 ille
411 3106 547 3182 corruptio
558 3122 668 3162 sensum
683 3101 810 3160 redderet
822 3098 1004 3178 ambiguum

79 3180 155 3240 unde
167 3180 284 3241 haberet
295 3202 409 3242 sensum
422 3183 598 3261 illegitimum
609 3184 695 3262 juxte
706 3182 899 3249 intentionem,
919 3185 1004 3241 intro-

79 3260 201 3320 ducendi
215 3263 340 3323 heresim
352 3264 395 3323 rel
409 3282 543 3324 errorem:
564 3285 589 3322 v.
601 3284 627 3342 g.
635 3267 659 3324 si
673 3268 732 3343 quis
746 3267 774 3323 in
788 3263 879 3322 iorma
892 3262 1004 3343 praefatu

78 3342 336 3484 vellepltsignificare
352 3346 382 3407 in
407 3347 470 3408 Deo
495 3346 645 3407 Personam
668 3344 891 3421 existentiaet,
905 3343 1002 3416 filiam,

77 3443 133 3484 nou
176 3443 244 3485 rum.
669 3464 674 3473 ·
