<?xml version="1.0" encoding="UTF-8"?>
<!DOCTYPE html PUBLIC "-//W3C//DTD XHTML 1.0 Transitional//EN"
    "http://www.w3.org/TR/xhtml1/DTD/xhtml1-transitional.dtd">
<html xmlns="http://www.w3.org/1999/xhtml" xml:lang="en" lang="en">
 <head>
  <title>
</title>
<meta http-equiv="Content-Type" content="text/html;charset=utf-8" />
  <meta name='ocr-system' content='tesseract 3.04.00' />
  <meta name='ocr-capabilities' content='ocr_page ocr_carea ocr_par ocr_line ocrx_word'/>
</head>
<body>
  <div class='ocr_page' id='page_1' title='image "./theologiamorali02densgoog_0155.png"; bbox 0 0 2130 3990; ppageno 0'>
   <div class='ocr_carea' id='block_1_1' title="bbox 73 168 594 231">
    <p class='ocr_par' dir='ltr' id='par_1_1' title="bbox 73 168 594 231">
     <span class='ocr_line' id='line_1_1' title="bbox 73 168 594 231; baseline 0 -2"><span class='ocrx_word' id='word_1_1' title='bbox 73 168 130 231; x_wconf 80' lang='grc'><strong>144</strong></span> <span class='ocrx_word' id='word_1_2' title='bbox 418 184 594 230; x_wconf 78' lang='lat' dir='ltr'><strong>rmcrsrns</strong></span> 
     </span>
    </p>
   </div>
   <div class='ocr_carea' id='block_1_2' title="bbox 100 407 971 556">
    <p class='ocr_par' dir='ltr' id='par_1_2' title="bbox 100 407 971 556">
     <span class='ocr_line' id='line_1_2' title="bbox 100 407 971 556; baseline 0.001 -84"><span class='ocrx_word' id='word_1_3' title='bbox 100 413 141 472; x_wconf 91' lang='lat' dir='ltr'><strong>N.</strong></span> <span class='ocrx_word' id='word_1_4' title='bbox 154 413 204 473; x_wconf 77' lang='lat'><strong>48.</strong></span> <span class='ocrx_word' id='word_1_5' title='bbox 219 412 277 472; x_wconf 79' lang='lat' dir='ltr'><strong>DE</strong></span> <span class='ocrx_word' id='word_1_6' title='bbox 291 410 644 556; x_wconf 50' lang='lat' dir='ltr'><strong>CAEREMfflbSSET</strong></span> <span class='ocrx_word' id='word_1_7' title='bbox 657 407 971 473; x_wconf 77' lang='lat' dir='ltr'><strong>sscRAMsN‘rA·</strong></span> 
     </span>
    </p>
   </div>
   <div class='ocr_carea' id='block_1_3' title="bbox 191 652 876 735">
    <p class='ocr_par' dir='ltr' id='par_1_3' title="bbox 191 652 876 735">
     <span class='ocr_line' id='line_1_3' title="bbox 191 652 876 735; baseline -0.003 -20"><span class='ocrx_word' id='word_1_8' title='bbox 191 655 222 715; x_wconf 63' lang='grc' dir='ltr'><strong><em>ἃ</em></strong></span> <span class='ocrx_word' id='word_1_9' title='bbox 239 653 336 715; x_wconf 79' lang='lat' dir='ltr'><strong>Thom.</strong></span> <span class='ocrx_word' id='word_1_10' title='bbox 352 660 451 735; x_wconf 76' lang='lat' dir='ltr'><strong>queat.</strong></span> <span class='ocrx_word' id='word_1_11' title='bbox 465 654 513 715; x_wconf 80' lang='lat' dir='ltr'><strong>cc.</strong></span> <span class='ocrx_word' id='word_1_12' title='bbox 528 661 586 716; x_wconf 80' lang='lat' dir='ltr'><strong>art.</strong></span> <span class='ocrx_word' id='word_1_13' title='bbox 603 659 650 715; x_wconf 90' lang='grc'><strong>10.</strong></span> <span class='ocrx_word' id='word_1_14' title='bbox 664 658 693 713; x_wconf 85' lang='lat' dir='ltr'><strong>et</strong></span> <span class='ocrx_word' id='word_1_15' title='bbox 706 663 808 734; x_wconf 75' lang='lat' dir='ltr'><strong>quent.</strong></span> <span class='ocrx_word' id='word_1_16' title='bbox 823 652 876 713; x_wconf 83' lang='lat'><strong>71.</strong></span> 
     </span>
    </p>
   </div>
   <div class='ocr_carea' id='block_1_4' title="bbox 73 814 985 1119">
    <p class='ocr_par' dir='ltr' id='par_1_4' title="bbox 73 814 985 1119">
     <span class='ocr_line' id='line_1_4' title="bbox 73 814 985 895; baseline 0.002 -19"><span class='ocrx_word' id='word_1_17' title='bbox 73 816 98 875; x_wconf 88' lang='lat'><strong>1.</strong></span> <span class='ocrx_word' id='word_1_18' title='bbox 116 816 299 876; x_wconf 72' lang='lat' dir='ltr'><strong><em>ceremonia.</em></strong></span> <span class='ocrx_word' id='word_1_19' title='bbox 341 816 382 874; x_wconf 91' lang='lat' dir='ltr'><strong>ll.</strong></span> <span class='ocrx_word' id='word_1_20' title='bbox 400 816 630 876; x_wconf 61' lang='lat' dir='ltr'><strong>Sacramentum</strong></span> <span class='ocrx_word' id='word_1_21' title='bbox 673 814 731 874; x_wconf 83' lang='grc' dir='ltr'><strong>ΙΙΙ.</strong></span> <span class='ocrx_word' id='word_1_22' title='bbox 750 815 985 895; x_wconf 79' lang='lat' dir='ltr'><strong>Eccleeiapotrtt</strong></span> 
     </span>
     <span class='ocr_line' id='line_1_5' title="bbox 113 895 984 973; baseline 0.002 -16"><span class='ocrx_word' id='word_1_23' title='bbox 113 901 265 959; x_wconf 71' lang='lat' dir='ltr'><strong>instituere</strong></span> <span class='ocrx_word' id='word_1_24' title='bbox 277 901 474 967; x_wconf 70' lang='lat' dir='ltr'><strong>ceremoniae,</strong></span> <span class='ocrx_word' id='word_1_25' title='bbox 494 901 545 973; x_wconf 71' lang='lat' dir='ltr'><strong>Asc.</strong></span> <span class='ocrx_word' id='word_1_26' title='bbox 567 896 625 957; x_wconf 86' lang='lat' dir='ltr'><strong>lv.</strong></span> <span class='ocrx_word' id='word_1_27' title='bbox 642 895 709 966; x_wconf 70' lang='lat' dir='ltr'><strong>Qua</strong></span> <span class='ocrx_word' id='word_1_28' title='bbox 722 896 984 959; x_wconf 62' lang='lat' dir='ltr'><strong>cantaberunt</strong></span> 
     </span>
     <span class='ocr_line' id='line_1_6' title="bbox 110 976 984 1056; baseline -0.001 -17"><span class='ocrx_word' id='word_1_29' title='bbox 110 977 152 1039; x_wconf 86' lang='lat' dir='ltr'><strong>V.</strong></span> <span class='ocrx_word' id='word_1_30' title='bbox 169 977 227 1038; x_wconf 74' lang='lat' dir='ltr'><strong>eut</strong></span> <span class='ocrx_word' id='word_1_31' title='bbox 237 983 363 1056; x_wconf 82' lang='lat' dir='ltr'><strong>peccato</strong></span> <span class='ocrx_word' id='word_1_32' title='bbox 376 997 415 1037; x_wconf 78' lang='lat' dir='ltr'><strong>ee</strong></span> <span class='ocrx_word' id='word_1_33' title='bbox 436 997 615 1056; x_wconf 83' lang='lat' dir='ltr'><strong>genereeuo</strong></span> <span class='ocrx_word' id='word_1_34' title='bbox 629 981 727 1056; x_wconf 79' lang='lat' dir='ltr'><strong>graui.</strong></span> <span class='ocrx_word' id='word_1_35' title='bbox 771 976 824 1037; x_wconf 89' lang='lat' dir='ltr'><strong>VI.</strong></span> <span class='ocrx_word' id='word_1_36' title='bbox 845 977 984 1040; x_wconf 76' lang='lat' dir='ltr'><strong>Uritiraea</strong></span> 
     </span>
     <span class='ocr_line' id='line_1_7' title="bbox 111 1076 355 1119; baseline 0 0"><span class='ocrx_word' id='word_1_37' title='bbox 111 1076 355 1119; x_wconf 68' lang='lat' dir='ltr'><strong>ceremoniarum.</strong></span> 
     </span>
    </p>
   </div>
   <div class='ocr_carea' id='block_1_5' title="bbox 59 1217 984 3803">
    <p class='ocr_par' dir='ltr' id='par_1_5' title="bbox 112 1217 507 1289">
     <span class='ocr_line' id='line_1_8' title="bbox 112 1217 507 1289; baseline 0.008 -13"><span class='ocrx_word' id='word_1_38' title='bbox 112 1217 136 1276; x_wconf 90' lang='lat'><strong>1.</strong></span> <span class='ocrx_word' id='word_1_39' title='bbox 152 1217 246 1289; x_wconf 76' lang='lat' dir='ltr'><strong>Quin</strong></span> <span class='ocrx_word' id='word_1_40' title='bbox 259 1226 302 1281; x_wconf 89' lang='lat' dir='ltr'><strong>est</strong></span> <span class='ocrx_word' id='word_1_41' title='bbox 314 1219 507 1283; x_wconf 70' lang='lat' dir='ltr'><strong>ceremonia?</strong></span> 
     </span>
    </p>

    <p class='ocr_par' dir='ltr' id='par_1_6' title="bbox 71 1299 984 1463">
     <span class='ocr_line' id='line_1_9' title="bbox 104 1299 984 1383; baseline 0.002 -27"><span class='ocrx_word' id='word_1_42' title='bbox 104 1300 151 1359; x_wconf 72' lang='lat' dir='ltr'><strong>nt.</strong></span> <span class='ocrx_word' id='word_1_43' title='bbox 167 1301 221 1361; x_wconf 78' lang='lat' dir='ltr'><strong>Est</strong></span> <span class='ocrx_word' id='word_1_44' title='bbox 229 1303 452 1382; x_wconf 83' lang='lat' dir='ltr'><strong>ritusreligiosus,</strong></span> <span class='ocrx_word' id='word_1_45' title='bbox 465 1305 522 1361; x_wconf 80' lang='lat' dir='ltr'><strong>sive</strong></span> <span class='ocrx_word' id='word_1_46' title='bbox 534 1303 675 1383; x_wconf 76' lang='lat' dir='ltr'><strong>pertinens</strong></span> <span class='ocrx_word' id='word_1_47' title='bbox 683 1299 720 1361; x_wconf 81' lang='lat' dir='ltr'><strong>ed</strong></span> <span class='ocrx_word' id='word_1_48' title='bbox 734 1301 792 1361; x_wconf 90' lang='lat' dir='ltr'><strong>Dei</strong></span> <span class='ocrx_word' id='word_1_49' title='bbox 805 1299 930 1361; x_wconf 79' lang='lat' dir='ltr'><strong>cultum:</strong></span> <span class='ocrx_word' id='word_1_50' title='bbox 941 1300 984 1377; x_wconf 78' lang='lat' dir='ltr'><strong>rei,</strong></span> 
     </span>
     <span class='ocr_line' id='line_1_10' title="bbox 71 1381 644 1463; baseline 0.005 -24"><span class='ocrx_word' id='word_1_51' title='bbox 71 1387 105 1439; x_wconf 90' lang='lat' dir='ltr'><strong>ut</strong></span> <span class='ocrx_word' id='word_1_52' title='bbox 116 1381 176 1448; x_wconf 83' lang='lat' dir='ltr'><strong>alii.</strong></span> <span class='ocrx_word' id='word_1_53' title='bbox 195 1391 239 1444; x_wconf 87' lang='lat' dir='ltr'><strong>est</strong></span> <span class='ocrx_word' id='word_1_54' title='bbox 247 1393 324 1443; x_wconf 87' lang='lat' dir='ltr'><strong>actus</strong></span> <span class='ocrx_word' id='word_1_55' title='bbox 336 1395 468 1445; x_wconf 80' lang='lat' dir='ltr'><strong>externus</strong></span> <span class='ocrx_word' id='word_1_56' title='bbox 480 1383 644 1463; x_wconf 77' lang='lat' dir='ltr'><strong>Religionis.</strong></span> 
     </span>
    </p>

    <p class='ocr_par' dir='ltr' id='par_1_7' title="bbox 112 1460 532 1534">
     <span class='ocr_line' id='line_1_11' title="bbox 112 1460 532 1534; baseline 0.01 -14"><span class='ocrx_word' id='word_1_57' title='bbox 112 1460 238 1534; x_wconf 83' lang='lat' dir='ltr'><strong>ILQuid</strong></span> <span class='ocrx_word' id='word_1_58' title='bbox 250 1473 293 1523; x_wconf 87' lang='lat' dir='ltr'><strong>est</strong></span> <span class='ocrx_word' id='word_1_59' title='bbox 305 1464 532 1524; x_wconf 79' lang='lat' dir='ltr'><strong>Sacramentule?</strong></span> 
     </span>
    </p>

    <p class='ocr_par' dir='ltr' id='par_1_8' title="bbox 71 1542 984 1780">
     <span class='ocr_line' id='line_1_12' title="bbox 113 1542 984 1625; baseline 0.002 -22"><span class='ocrx_word' id='word_1_60' title='bbox 113 1542 150 1603; x_wconf 78' lang='lat' dir='ltr'><strong>e.</strong></span> <span class='ocrx_word' id='word_1_61' title='bbox 180 1544 424 1625; x_wconf 75' lang='lat' dir='ltr'><strong>Eutresreligioso</strong></span> <span class='ocrx_word' id='word_1_62' title='bbox 443 1548 497 1605; x_wconf 90' lang='lat' dir='ltr'><strong>ritn</strong></span> <span class='ocrx_word' id='word_1_63' title='bbox 511 1552 684 1618; x_wconf 86' lang='lat' dir='ltr'><strong>consecrate,</strong></span> <span class='ocrx_word' id='word_1_64' title='bbox 702 1547 819 1625; x_wconf 87' lang='lat' dir='ltr'><strong>ipseque</strong></span> <span class='ocrx_word' id='word_1_65' title='bbox 830 1544 917 1604; x_wconf 76' lang='lat' dir='ltr'><strong>ritmt</strong></span> <span class='ocrx_word' id='word_1_66' title='bbox 936 1562 984 1616; x_wconf 79' lang='lat' dir='ltr'><strong>m,</strong></span> 
     </span>
     <span class='ocr_line' id='line_1_13' title="bbox 71 1624 984 1780; baseline 0 -15"><span class='ocrx_word' id='word_1_67' title='bbox 71 1624 687 1780; x_wconf 55' lang='lat' dir='ltr'><strong>telluzllnlltleulli*</strong></span> <span class='ocrx_word' id='word_1_68' title='bbox 700 1629 789 1700; x_wconf 94' lang='grc' dir='ltr'><strong><em>Μ</em></strong></span> <span class='ocrx_word' id='word_1_69' title='bbox 801 1645 827 1685; x_wconf 76' lang='grc'><strong>’·</strong></span> <span class='ocrx_word' id='word_1_70' title='bbox 840 1642 869 1705; x_wconf 71' lang='lat'><strong>³·</strong></span> <span class='ocrx_word' id='word_1_71' title='bbox 882 1627 984 1705; x_wconf 71' lang='grc' dir='ltr'><strong>’Μ’</strong></span> 
     </span>
    </p>

    <p class='ocr_par' dir='ltr' id='par_1_9' title="bbox 372 1752 638 1783">
     <span class='ocr_line' id='line_1_14' title="bbox 372 1752 638 1783; baseline 0 -4"><span class='ocrx_word' id='word_1_72' title='bbox 372 1754 380 1779; x_wconf 78' lang='lat' dir='ltr'><strong>s</strong></span> <span class='ocrx_word' id='word_1_73' title='bbox 554 1752 564 1783; x_wconf 73' lang='lat' dir='ltr'><strong>t</strong></span> <span class='ocrx_word' id='word_1_74' title='bbox 632 1752 638 1766; x_wconf 93' lang='lat'><strong>·</strong></span> 
     </span>
    </p>

    <p class='ocr_par' dir='ltr' id='par_1_10' title="bbox 67 1785 984 2335">
     <span class='ocr_line' id='line_1_15' title="bbox 110 1785 984 1865; baseline 0 -19"><span class='ocrx_word' id='word_1_75' title='bbox 110 1787 354 1848; x_wconf 65' lang='lat' dir='ltr'><strong>&amp;crementorum</strong></span> <span class='ocrx_word' id='word_1_76' title='bbox 382 1792 545 1849; x_wconf 75' lang='lat' dir='ltr'><strong>ceremonia</strong></span> <span class='ocrx_word' id='word_1_77' title='bbox 568 1809 619 1848; x_wconf 88' lang='lat' dir='ltr'><strong>seu</strong></span> <span class='ocrx_word' id='word_1_78' title='bbox 644 1789 713 1847; x_wconf 86' lang='lat' dir='ltr'><strong>ritus</strong></span> <span class='ocrx_word' id='word_1_79' title='bbox 739 1785 984 1865; x_wconf 78' lang='lat' dir='ltr'><strong>biciutelligimm,</strong></span> 
     </span>
     <span class='ocr_line' id='line_1_16' title="bbox 68 1867 984 1949; baseline 0.004 -26"><span class='ocrx_word' id='word_1_80' title='bbox 68 1872 206 1945; x_wconf 78' lang='lat' dir='ltr'><strong>quatenia</strong></span> <span class='ocrx_word' id='word_1_81' title='bbox 220 1867 428 1947; x_wconf 80' lang='lat' dir='ltr'><strong>distlnguuntur</strong></span> <span class='ocrx_word' id='word_1_82' title='bbox 441 1872 459 1928; x_wconf 81' lang='lat' dir='ltr'><strong>i</strong></span> <span class='ocrx_word' id='word_1_83' title='bbox 473 1870 670 1937; x_wconf 75' lang='lat' dir='ltr'><strong>sacramentis,</strong></span> <span class='ocrx_word' id='word_1_84' title='bbox 696 1868 775 1948; x_wconf 80' lang='lat' dir='ltr'><strong>(qne</strong></span> <span class='ocrx_word' id='word_1_85' title='bbox 796 1870 859 1947; x_wconf 86' lang='lat' dir='ltr'><strong>ipsa</strong></span> <span class='ocrx_word' id='word_1_86' title='bbox 870 1867 984 1949; x_wconf 82' lang='lat' dir='ltr'><strong>alioquin</strong></span> 
     </span>
     <span class='ocr_line' id='line_1_17' title="bbox 71 1944 984 2029; baseline 0.003 -23"><span class='ocrx_word' id='word_1_87' title='bbox 71 1951 243 2008; x_wconf 68' lang='lat' dir='ltr'><strong>ceremonia·</strong></span> <span class='ocrx_word' id='word_1_88' title='bbox 256 1949 384 2029; x_wconf 70' lang='lat' dir='ltr'><strong>quadam</strong></span> <span class='ocrx_word' id='word_1_89' title='bbox 397 1961 471 2022; x_wconf 87' lang='lat' dir='ltr'><strong>sunt,</strong></span> <span class='ocrx_word' id='word_1_90' title='bbox 496 1960 526 2010; x_wconf 89' lang='lat' dir='ltr'><strong>et</strong></span> <span class='ocrx_word' id='word_1_91' title='bbox 539 1953 594 2008; x_wconf 90' lang='lat' dir='ltr'><strong>ritu</strong></span> <span class='ocrx_word' id='word_1_92' title='bbox 616 1949 709 2027; x_wconf 81' lang='lat' dir='ltr'><strong>aliquo</strong></span> <span class='ocrx_word' id='word_1_93' title='bbox 732 1945 930 2029; x_wconf 86' lang='lat' dir='ltr'><strong>perficiuntur)</strong></span> <span class='ocrx_word' id='word_1_94' title='bbox 943 1944 984 2009; x_wconf 75' lang='lat' dir='ltr'><strong>ui</strong></span> 
     </span>
     <span class='ocr_line' id='line_1_18' title="bbox 69 2029 984 2108; baseline 0.001 -20"><span class='ocrx_word' id='word_1_95' title='bbox 69 2037 166 2089; x_wconf 85' lang='lat' dir='ltr'><strong>tamen</strong></span> <span class='ocrx_word' id='word_1_96' title='bbox 192 2030 381 2091; x_wconf 80' lang='lat' dir='ltr'><strong>Sacmmentie</strong></span> <span class='ocrx_word' id='word_1_97' title='bbox 403 2032 556 2099; x_wconf 76' lang='lat' dir='ltr'><strong>adherent,</strong></span> <span class='ocrx_word' id='word_1_98' title='bbox 578 2050 693 2108; x_wconf 79' lang='lat' dir='ltr'><strong>queque</strong></span> <span class='ocrx_word' id='word_1_99' title='bbox 717 2032 803 2088; x_wconf 89' lang='lat' dir='ltr'><strong>etiam</strong></span> <span class='ocrx_word' id='word_1_100' title='bbox 828 2029 984 2089; x_wconf 84' lang='lat' dir='ltr'><strong>Sacramen·</strong></span> 
     </span>
     <span class='ocr_line' id='line_1_19' title="bbox 67 2108 984 2192; baseline 0 -23"><span class='ocrx_word' id='word_1_101' title='bbox 67 2109 138 2170; x_wconf 75' lang='lat' dir='ltr'><strong>talia</strong></span> <span class='ocrx_word' id='word_1_102' title='bbox 150 2113 243 2171; x_wconf 75' lang='lat' dir='ltr'><strong>vocari</strong></span> <span class='ocrx_word' id='word_1_103' title='bbox 256 2120 386 2192; x_wconf 86' lang='lat' dir='ltr'><strong>poesunt:</strong></span> <span class='ocrx_word' id='word_1_104' title='bbox 407 2114 601 2191; x_wconf 80' lang='lat' dir='ltr'><strong>intelliguntur</strong></span> <span class='ocrx_word' id='word_1_105' title='bbox 623 2114 708 2169; x_wconf 82' lang='lat' dir='ltr'><strong>etiam</strong></span> <span class='ocrx_word' id='word_1_106' title='bbox 723 2108 853 2191; x_wconf 73' lang='lat' dir='ltr'><strong>quedem</strong></span> <span class='ocrx_word' id='word_1_107' title='bbox 873 2109 940 2177; x_wconf 80' lang='lat' dir='ltr'><strong>elie,</strong></span> <span class='ocrx_word' id='word_1_108' title='bbox 957 2116 984 2169; x_wconf 78' lang='grc'><strong>11</strong></span> 
     </span>
     <span class='ocr_line' id='line_1_20' title="bbox 68 2189 984 2273; baseline 0.001 -23"><span class='ocrx_word' id='word_1_109' title='bbox 68 2192 152 2272; x_wconf 88' lang='lat' dir='ltr'><strong>Aqua</strong></span> <span class='ocrx_word' id='word_1_110' title='bbox 164 2192 318 2263; x_wconf 84' lang='lat' dir='ltr'><strong>benedicta,</strong></span> <span class='ocrx_word' id='word_1_111' title='bbox 340 2195 437 2273; x_wconf 83' lang='lat' dir='ltr'><strong>Agnus</strong></span> <span class='ocrx_word' id='word_1_112' title='bbox 453 2195 520 2266; x_wconf 84' lang='lat' dir='ltr'><strong>Dei,</strong></span> <span class='ocrx_word' id='word_1_113' title='bbox 539 2197 591 2252; x_wconf 81' lang='lat' dir='ltr'><strong>tre.</strong></span> <span class='ocrx_word' id='word_1_114' title='bbox 610 2192 646 2251; x_wconf 93' lang='lat' dir='ltr'><strong>ob</strong></span> <span class='ocrx_word' id='word_1_115' title='bbox 665 2189 888 2256; x_wconf 86' lang='lat' dir='ltr'><strong>similitudinem,</strong></span> <span class='ocrx_word' id='word_1_116' title='bbox 910 2206 984 2273; x_wconf 71' lang='lat' dir='ltr'><strong>quen</strong></span> 
     </span>
     <span class='ocr_line' id='line_1_21' title="bbox 69 2271 461 2335; baseline 0.008 -4"><span class='ocrx_word' id='word_1_117' title='bbox 69 2271 176 2333; x_wconf 88' lang='lat' dir='ltr'><strong>babent</strong></span> <span class='ocrx_word' id='word_1_118' title='bbox 186 2292 250 2332; x_wconf 89' lang='lat' dir='ltr'><strong>cum</strong></span> <span class='ocrx_word' id='word_1_119' title='bbox 264 2273 461 2335; x_wconf 87' lang='lat' dir='ltr'><strong>Sacramentis.</strong></span> 
     </span>
    </p>

    <p class='ocr_par' dir='ltr' id='par_1_11' title="bbox 66 2352 984 2757">
     <span class='ocr_line' id='line_1_22' title="bbox 110 2352 984 2434; baseline 0 -22"><span class='ocrx_word' id='word_1_120' title='bbox 110 2353 167 2412; x_wconf 85' lang='lat'>111.</span> <span class='ocrx_word' id='word_1_121' title='bbox 183 2352 320 2413; x_wconf 73' lang='lat' dir='ltr'><strong>Probatur</strong></span> <span class='ocrx_word' id='word_1_122' title='bbox 329 2364 423 2415; x_wconf 85' lang='lat' dir='ltr'><strong>eutem</strong></span> <span class='ocrx_word' id='word_1_123' title='bbox 445 2354 580 2414; x_wconf 77' lang='lat' dir='ltr'><strong>Ecclesiae</strong></span> <span class='ocrx_word' id='word_1_124' title='bbox 594 2362 751 2434; x_wconf 79' lang='lat' dir='ltr'><strong>competere</strong></span> <span class='ocrx_word' id='word_1_125' title='bbox 761 2357 928 2434; x_wconf 85' lang='lat' dir='ltr'><strong>potestatem</strong></span> <span class='ocrx_word' id='word_1_126' title='bbox 940 2370 984 2412; x_wconf 85' lang='lat' dir='ltr'><strong>cre</strong></span> 
     </span>
     <span class='ocr_line' id='line_1_23' title="bbox 67 2433 984 2515; baseline 0.002 -23"><span class='ocrx_word' id='word_1_127' title='bbox 67 2437 212 2505; x_wconf 80' lang='lat' dir='ltr'><strong>tementes,</strong></span> <span class='ocrx_word' id='word_1_128' title='bbox 234 2433 287 2494; x_wconf 80' lang='lat' dir='ltr'><strong>&amp;c</strong></span> <span class='ocrx_word' id='word_1_129' title='bbox 312 2437 473 2496; x_wconf 82' lang='lat' dir='ltr'><strong>instituendi</strong></span> <span class='ocrx_word' id='word_1_130' title='bbox 496 2436 606 2515; x_wconf 87' lang='lat' dir='ltr'><strong>abipso</strong></span> <span class='ocrx_word' id='word_1_131' title='bbox 629 2433 762 2514; x_wconf 87' lang='lat' dir='ltr'><strong>exemplo</strong></span> <span class='ocrx_word' id='word_1_132' title='bbox 783 2434 984 2513; x_wconf 72' lang='lat' dir='ltr'><strong>Apostolorum,</strong></span> 
     </span>
     <span class='ocr_line' id='line_1_24' title="bbox 66 2513 984 2593; baseline 0 -20"><span class='ocrx_word' id='word_1_133' title='bbox 66 2513 162 2574; x_wconf 85' lang='lat' dir='ltr'><strong>Actor.</strong></span> <span class='ocrx_word' id='word_1_134' title='bbox 179 2515 226 2574; x_wconf 76' lang='lat' dir='ltr'><strong>lo.</strong></span> <span class='ocrx_word' id='word_1_135' title='bbox 240 2534 340 2574; x_wconf 83' lang='lat' dir='ltr'><strong>norem</strong></span> <span class='ocrx_word' id='word_1_136' title='bbox 347 2520 538 2577; x_wconf 80' lang='lat' dir='ltr'><strong>ceremoniam</strong></span> <span class='ocrx_word' id='word_1_137' title='bbox 548 2519 760 2585; x_wconf 81' lang='lat' dir='ltr'><strong>instituentium,</strong></span> <span class='ocrx_word' id='word_1_138' title='bbox 776 2532 879 2593; x_wconf 82' lang='lat' dir='ltr'><strong>nempe</strong></span> <span class='ocrx_word' id='word_1_139' title='bbox 891 2522 984 2593; x_wconf 84' lang='lat' dir='ltr'><strong>utgeu·</strong></span> 
     </span>
     <span class='ocr_line' id='line_1_25' title="bbox 66 2594 984 2676; baseline 0.003 -23"><span class='ocrx_word' id='word_1_140' title='bbox 66 2596 129 2653; x_wconf 88' lang='lat' dir='ltr'><strong>tiles</strong></span> <span class='ocrx_word' id='word_1_141' title='bbox 143 2594 181 2654; x_wconf 82' lang='lat' dir='ltr'><strong>ed</strong></span> <span class='ocrx_word' id='word_1_142' title='bbox 193 2595 278 2656; x_wconf 89' lang='lat' dir='ltr'><strong>fidem</strong></span> <span class='ocrx_word' id='word_1_143' title='bbox 293 2601 418 2658; x_wconf 83' lang='lat' dir='ltr'><strong>conversi</strong></span> <span class='ocrx_word' id='word_1_144' title='bbox 443 2599 615 2658; x_wconf 73' lang='lat' dir='ltr'><strong>abstinerent</strong></span> <span class='ocrx_word' id='word_1_145' title='bbox 629 2600 647 2653; x_wconf 77' lang='lat' dir='ltr'><strong>e</strong></span> <span class='ocrx_word' id='word_1_146' title='bbox 660 2600 793 2676; x_wconf 85' lang='lat' dir='ltr'><strong>sanguine</strong></span> <span class='ocrx_word' id='word_1_147' title='bbox 805 2602 836 2654; x_wconf 88' lang='lat' dir='ltr'><strong>et</strong></span> <span class='ocrx_word' id='word_1_148' title='bbox 848 2594 984 2668; x_wconf 75' lang='lat' dir='ltr'><strong>suffocatu</strong></span> 
     </span>
     <span class='ocr_line' id='line_1_26' title="bbox 67 2674 696 2757; baseline 0.005 -23"><span class='ocrx_word' id='word_1_149' title='bbox 67 2674 141 2755; x_wconf 82' lang='lat' dir='ltr'><strong>quod</strong></span> <span class='ocrx_word' id='word_1_150' title='bbox 150 2685 244 2736; x_wconf 87' lang='lat' dir='ltr'><strong>tamen</strong></span> <span class='ocrx_word' id='word_1_151' title='bbox 259 2696 314 2737; x_wconf 90' lang='lat' dir='ltr'><strong>non</strong></span> <span class='ocrx_word' id='word_1_152' title='bbox 326 2678 468 2757; x_wconf 78' lang='lat' dir='ltr'><strong>obligabat</strong></span> <span class='ocrx_word' id='word_1_153' title='bbox 480 2683 509 2739; x_wconf 88' lang='lat' dir='ltr'><strong>in</strong></span> <span class='ocrx_word' id='word_1_154' title='bbox 524 2699 594 2738; x_wconf 80' lang='lat' dir='ltr'><strong>nova</strong></span> <span class='ocrx_word' id='word_1_155' title='bbox 609 2678 696 2757; x_wconf 78' lang='lat' dir='ltr'><strong>Lege.</strong></span> 
     </span>
    </p>

    <p class='ocr_par' dir='ltr' id='par_1_12' title="bbox 61 2756 983 3304">
     <span class='ocr_line' id='line_1_27' title="bbox 108 2756 983 2831; baseline 0.001 -15"><span class='ocrx_word' id='word_1_156' title='bbox 108 2756 246 2816; x_wconf 80' lang='lat' dir='ltr'><strong>Probatur</strong></span> <span class='ocrx_word' id='word_1_157' title='bbox 273 2758 375 2818; x_wconf 83' lang='lat' dir='ltr'><strong>deinde</strong></span> <span class='ocrx_word' id='word_1_158' title='bbox 388 2780 426 2819; x_wconf 84' lang='lat' dir='ltr'><strong>ex</strong></span> <span class='ocrx_word' id='word_1_159' title='bbox 451 2761 620 2819; x_wconf 84' lang='lat' dir='ltr'><strong>authoritate</strong></span> <span class='ocrx_word' id='word_1_160' title='bbox 646 2759 790 2831; x_wconf 66' lang='lat' dir='ltr'><strong>Ecclesia,</strong></span> <span class='ocrx_word' id='word_1_161' title='bbox 811 2765 840 2818; x_wconf 89' lang='lat' dir='ltr'><strong>et</strong></span> <span class='ocrx_word' id='word_1_162' title='bbox 854 2762 983 2817; x_wconf 74' lang='lat' dir='ltr'><strong>vetustati</strong></span> 
     </span>
     <span class='ocr_line' id='line_1_28' title="bbox 67 2836 983 2917; baseline 0.002 -21"><span class='ocrx_word' id='word_1_163' title='bbox 67 2841 292 2898; x_wconf 76' lang='lat' dir='ltr'><strong>ceremoniarum</strong></span> <span class='ocrx_word' id='word_1_164' title='bbox 313 2850 344 2900; x_wconf 86' lang='lat' dir='ltr'><strong>et</strong></span> <span class='ocrx_word' id='word_1_165' title='bbox 370 2841 633 2912; x_wconf 71' lang='lat' dir='ltr'><strong>sacramentalium,</strong></span> <span class='ocrx_word' id='word_1_166' title='bbox 651 2841 737 2917; x_wconf 83' lang='lat' dir='ltr'><strong>juxte</strong></span> <span class='ocrx_word' id='word_1_167' title='bbox 759 2836 983 2899; x_wconf 76' lang='lat' dir='ltr'><strong>consuetudines</strong></span> 
     </span>
     <span class='ocr_line' id='line_1_29' title="bbox 65 2917 983 2999; baseline 0.004 -24"><span class='ocrx_word' id='word_1_168' title='bbox 65 2917 183 2978; x_wconf 73' lang='lat' dir='ltr'><strong>Petrum</strong></span> <span class='ocrx_word' id='word_1_169' title='bbox 203 2927 235 2978; x_wconf 82' lang='lat' dir='ltr'><strong>et</strong></span> <span class='ocrx_word' id='word_1_170' title='bbox 256 2923 420 2983; x_wconf 72' lang='lat' dir='ltr'><strong>testimonie</strong></span> <span class='ocrx_word' id='word_1_171' title='bbox 440 2942 555 2982; x_wconf 88' lang='lat' dir='ltr'><strong>eorum:</strong></span> <span class='ocrx_word' id='word_1_172' title='bbox 579 2940 664 2999; x_wconf 85' lang='lat' dir='ltr'><strong>quem</strong></span> <span class='ocrx_word' id='word_1_173' title='bbox 688 2923 773 2978; x_wconf 86' lang='lat' dir='ltr'><strong>etiam</strong></span> <span class='ocrx_word' id='word_1_174' title='bbox 793 2920 983 2979; x_wconf 77' lang='lat' dir='ltr'><strong>authoritatem</strong></span> 
     </span>
     <span class='ocr_line' id='line_1_30' title="bbox 64 2998 983 3082; baseline 0.004 -27"><span class='ocrx_word' id='word_1_175' title='bbox 64 2998 274 3072; x_wconf 69' lang='lat' dir='ltr'><strong>verisimillime,</strong></span> <span class='ocrx_word' id='word_1_176' title='bbox 286 3004 325 3061; x_wconf 90' lang='lat' dir='ltr'><strong>ait</strong></span> <span class='ocrx_word' id='word_1_177' title='bbox 336 3004 475 3082; x_wconf 74' lang='lat' dir='ltr'><strong>steyaert,</strong></span> <span class='ocrx_word' id='word_1_178' title='bbox 489 3001 854 3080; x_wconf 83' lang='lat' dir='ltr'><strong>demonstretlceusScript.</strong></span> <span class='ocrx_word' id='word_1_179' title='bbox 871 3005 900 3059; x_wconf 92' lang='grc'><strong>1.</strong></span> <span class='ocrx_word' id='word_1_180' title='bbox 916 2999 983 3059; x_wconf 75' lang='lat' dir='ltr'><strong>Petu</strong></span> 
     </span>
     <span class='ocr_line' id='line_1_31' title="bbox 61 3078 983 3162; baseline 0.004 -26"><span class='ocrx_word' id='word_1_181' title='bbox 61 3078 93 3137; x_wconf 84' lang='lat'><strong>3.</strong></span> <span class='ocrx_word' id='word_1_182' title='bbox 108 3100 132 3138; x_wconf 87' lang='lat' dir='ltr'><strong>v.</strong></span> <span class='ocrx_word' id='word_1_183' title='bbox 144 3078 194 3138; x_wconf 80' lang='lat'><strong>21.</strong></span> <span class='ocrx_word' id='word_1_184' title='bbox 238 3081 307 3141; x_wconf 85' lang='lat' dir='ltr'><strong>Non</strong></span> <span class='ocrx_word' id='word_1_185' title='bbox 323 3088 422 3143; x_wconf 83' lang='lat' dir='ltr'><strong>cornie</strong></span> <span class='ocrx_word' id='word_1_186' title='bbox 430 3084 580 3162; x_wconf 71' lang='lat' dir='ltr'><strong>depositio,</strong></span> <span class='ocrx_word' id='word_1_187' title='bbox 595 3084 647 3141; x_wconf 77' lang='lat' dir='ltr'><strong>ced</strong></span> <span class='ocrx_word' id='word_1_188' title='bbox 659 3083 845 3142; x_wconf 68' lang='lat' dir='ltr'><strong>conscientie</strong></span> <span class='ocrx_word' id='word_1_189' title='bbox 859 3080 933 3139; x_wconf 75' lang='lat' dir='ltr'><strong>bone</strong></span> <span class='ocrx_word' id='word_1_190' title='bbox 947 3084 983 3140; x_wconf 78' lang='lat' dir='ltr'><strong>ia·</strong></span> 
     </span>
     <span class='ocr_line' id='line_1_32' title="bbox 64 3161 981 3241; baseline 0.001 -23"><span class='ocrx_word' id='word_1_191' title='bbox 64 3165 226 3240; x_wconf 82' lang='lat' dir='ltr'><strong>terrogatio</strong></span> <span class='ocrx_word' id='word_1_192' title='bbox 240 3167 272 3220; x_wconf 82' lang='lat' dir='ltr'><strong>a&#39;n</strong></span> <span class='ocrx_word' id='word_1_193' title='bbox 288 3163 396 3223; x_wconf 86' lang='lat' dir='ltr'><strong>Deum.</strong></span> <span class='ocrx_word' id='word_1_194' title='bbox 430 3165 509 3224; x_wconf 90' lang='lat' dir='ltr'><strong>Vide</strong></span> <span class='ocrx_word' id='word_1_195' title='bbox 523 3162 681 3222; x_wconf 88' lang='lat' dir='ltr'><strong>Concilium</strong></span> <span class='ocrx_word' id='word_1_196' title='bbox 696 3163 774 3221; x_wconf 88' lang='lat' dir='ltr'><strong>Trid.</strong></span> <span class='ocrx_word' id='word_1_197' title='bbox 790 3182 856 3222; x_wconf 83' lang='lat' dir='ltr'><strong>sess.</strong></span> <span class='ocrx_word' id='word_1_198' title='bbox 871 3161 920 3219; x_wconf 75' lang='lat'><strong>21,</strong></span> <span class='ocrx_word' id='word_1_199' title='bbox 931 3180 981 3241; x_wconf 83' lang='lat' dir='ltr'><strong>cap</strong></span> 
     </span>
     <span class='ocr_line' id='line_1_33' title="bbox 62 3242 360 3304; baseline 0 -4"><span class='ocrx_word' id='word_1_200' title='bbox 62 3247 93 3304; x_wconf 76' lang='lat'><strong>2.</strong></span> <span class='ocrx_word' id='word_1_201' title='bbox 111 3242 146 3301; x_wconf 86' lang='lat' dir='ltr'><strong>de</strong></span> <span class='ocrx_word' id='word_1_202' title='bbox 159 3243 360 3303; x_wconf 75' lang='lat' dir='ltr'><strong>Eucharietae&#39;n.</strong></span> 
     </span>
    </p>

    <p class='ocr_par' dir='ltr' id='par_1_13' title="bbox 61 3321 983 3475">
     <span class='ocr_line' id='line_1_34' title="bbox 104 3321 983 3403; baseline 0 -22"><span class='ocrx_word' id='word_1_203' title='bbox 104 3323 236 3403; x_wconf 87' lang='lat' dir='ltr'><strong>Denique</strong></span> <span class='ocrx_word' id='word_1_204' title='bbox 257 3328 342 3384; x_wconf 85' lang='lat' dir='ltr'><strong>etiam</strong></span> <span class='ocrx_word' id='word_1_205' title='bbox 370 3326 389 3382; x_wconf 76' lang='grc' dir='ltr'><em>ὲ</em></span> <span class='ocrx_word' id='word_1_206' title='bbox 411 3327 520 3384; x_wconf 87' lang='lat' dir='ltr'><strong>ratione</strong></span> <span class='ocrx_word' id='word_1_207' title='bbox 548 3323 689 3403; x_wconf 87' lang='lat' dir='ltr'><strong>probetur,</strong></span> <span class='ocrx_word' id='word_1_208' title='bbox 709 3323 816 3382; x_wconf 86' lang='lat' dir='ltr'><strong>scilicet</strong></span> <span class='ocrx_word' id='word_1_209' title='bbox 828 3343 866 3383; x_wconf 87' lang='lat' dir='ltr'><strong>ex</strong></span> <span class='ocrx_word' id='word_1_210' title='bbox 879 3321 983 3391; x_wconf 85' lang='lat' dir='ltr'><strong>finibus,</strong></span> 
     </span>
     <span class='ocr_line' id='line_1_35' title="bbox 61 3402 849 3475; baseline 0.004 -17"><span class='ocrx_word' id='word_1_211' title='bbox 61 3402 230 3464; x_wconf 86' lang='lat' dir='ltr'><strong>utilitatibus</strong></span> <span class='ocrx_word' id='word_1_212' title='bbox 244 3410 483 3475; x_wconf 79' lang='lat' dir='ltr'><strong>ceremoniarum,</strong></span> <span class='ocrx_word' id='word_1_213' title='bbox 506 3410 561 3464; x_wconf 73' lang='lat' dir='ltr'><strong>ec.</strong></span> <span class='ocrx_word' id='word_1_214' title='bbox 576 3414 610 3463; x_wconf 89' lang='lat' dir='ltr'><strong>ut</strong></span> <span class='ocrx_word' id='word_1_215' title='bbox 622 3425 690 3462; x_wconf 89' lang='lat' dir='ltr'><strong>mox</strong></span> <span class='ocrx_word' id='word_1_216' title='bbox 706 3403 849 3463; x_wconf 87' lang='lat' dir='ltr'><strong>videbitur.</strong></span> 
     </span>
    </p>

    <p class='ocr_par' dir='ltr' id='par_1_14' title="bbox 60 3484 983 3625">
     <span class='ocr_line' id='line_1_36' title="bbox 99 3484 983 3623; baseline 0.001 -81"><span class='ocrx_word' id='word_1_217' title='bbox 99 3485 147 3542; x_wconf 86' lang='lat' dir='ltr'><strong>An</strong></span> <span class='ocrx_word' id='word_1_218' title='bbox 162 3493 205 3623; x_wconf 51' lang='lat' dir='ltr'><strong>esp</strong></span> <span class='ocrx_word' id='word_1_219' title='bbox 217 3487 349 3566; x_wconf 83' lang='lat' dir='ltr'><strong>obligatio</strong></span> <span class='ocrx_word' id='word_1_220' title='bbox 362 3486 523 3548; x_wconf 84' lang='lat' dir='ltr'><strong>observandi</strong></span> <span class='ocrx_word' id='word_1_221' title='bbox 539 3487 718 3545; x_wconf 78' lang='lat' dir='ltr'><strong>ceremonias</strong></span> <span class='ocrx_word' id='word_1_222' title='bbox 732 3484 768 3542; x_wconf 85' lang='lat' dir='ltr'><strong>ab</strong></span> <span class='ocrx_word' id='word_1_223' title='bbox 781 3485 909 3544; x_wconf 79' lang='lat' dir='ltr'><strong>Ecclesia</strong></span> <span class='ocrx_word' id='word_1_224' title='bbox 921 3502 983 3565; x_wconf 76' lang='lat' dir='ltr'><strong>pre·</strong></span> 
     </span>
     <span class='ocr_line' id='line_1_37' title="bbox 60 3565 179 3625; baseline 0.042 -8"><span class='ocrx_word' id='word_1_225' title='bbox 60 3565 114 3622; x_wconf 89' lang='lat' dir='ltr'><strong>scri</strong></span> <span class='ocrx_word' id='word_1_226' title='bbox 137 3573 179 3625; x_wconf 87' lang='lat' dir='ltr'><strong>tas</strong></span> 
     </span>
    </p>

    <p class='ocr_par' dir='ltr' id='par_1_15' title="bbox 59 3584 983 3803">
     <span class='ocr_line' id='line_1_38' title="bbox 104 3584 983 3728; baseline 0.001 -26"><span class='ocrx_word' id='word_1_227' title='bbox 104 3584 142 3704; x_wconf 68' lang='lat' dir='ltr'><strong>li.</strong></span> <span class='ocrx_word' id='word_1_228' title='bbox 157 3645 349 3707; x_wconf 71' lang='lat' dir='ltr'><strong>Affirmative:</strong></span> <span class='ocrx_word' id='word_1_229' title='bbox 365 3652 450 3709; x_wconf 88' lang='lat' dir='ltr'><strong>etiam</strong></span> <span class='ocrx_word' id='word_1_230' title='bbox 461 3650 584 3728; x_wconf 87' lang='lat' dir='ltr'><strong>seposito</strong></span> <span class='ocrx_word' id='word_1_231' title='bbox 592 3644 733 3708; x_wconf 82' lang='lat' dir='ltr'><strong>scandolo.</strong></span> <span class='ocrx_word' id='word_1_232' title='bbox 773 3644 850 3705; x_wconf 89' lang='lat' dir='ltr'><strong>Vide</strong></span> <span class='ocrx_word' id='word_1_233' title='bbox 861 3646 983 3706; x_wconf 86' lang='lat' dir='ltr'><strong>Trident</strong></span> 
     </span>
     <span class='ocr_line' id='line_1_39' title="bbox 59 3726 897 3803; baseline 0.002 -19"><span class='ocrx_word' id='word_1_234' title='bbox 59 3743 126 3788; x_wconf 82' lang='lat' dir='ltr'><strong>sess.</strong></span> <span class='ocrx_word' id='word_1_235' title='bbox 142 3727 170 3787; x_wconf 82' lang='lat'><strong>7.</strong></span> <span class='ocrx_word' id='word_1_236' title='bbox 185 3746 248 3787; x_wconf 70' lang='lat' dir='ltr'><strong>can,</strong></span> <span class='ocrx_word' id='word_1_237' title='bbox 265 3726 310 3786; x_wconf 91' lang='grc'><strong>13.</strong></span> <span class='ocrx_word' id='word_1_238' title='bbox 325 3730 360 3787; x_wconf 83' lang='lat' dir='ltr'><strong>de</strong></span> <span class='ocrx_word' id='word_1_239' title='bbox 375 3729 587 3803; x_wconf 79' lang='lat' dir='ltr'><strong>Sacramentie,</strong></span> <span class='ocrx_word' id='word_1_240' title='bbox 606 3736 636 3790; x_wconf 87' lang='lat' dir='ltr'><strong>et</strong></span> <span class='ocrx_word' id='word_1_241' title='bbox 646 3748 711 3788; x_wconf 84' lang='lat' dir='ltr'><strong>sese.</strong></span> <span class='ocrx_word' id='word_1_242' title='bbox 727 3726 776 3786; x_wconf 79' lang='lat'><strong>22.</strong></span> <span class='ocrx_word' id='word_1_243' title='bbox 791 3748 855 3788; x_wconf 68' lang='lat' dir='ltr'><strong>cen-</strong></span> <span class='ocrx_word' id='word_1_244' title='bbox 867 3728 897 3787; x_wconf 83' lang='lat'><strong>7.</strong></span> 
     </span>
    </p>
   </div>
   <div class='ocr_carea' id='block_1_6' title="bbox 0 0 1070 3990">
    <p class='ocr_par' dir='ltr' id='par_1_16' title="bbox 0 0 1070 3990">
     <span class='ocr_line' id='line_1_40' title="bbox 0 0 1070 3990; baseline 0 1"><span class='ocrx_word' id='word_1_245' title='bbox 0 0 1070 3990; x_wconf 95' lang='lat' dir='ltr'><strong> </strong></span> 
     </span>
    </p>
   </div>
  </div>
 </body>
</html>
