2130 3990
80 185 137 243 104
317 198 322 203 ·
480 200 658 247 aracnaam

83 367 124 426 u.
139 364 188 423 27.
205 364 305 435 Qum
322 342 615 428 sconenauva
638 338 888 427 rnearnaur
906 362 1008 426 cne-
1050 344 1057 399 ι’

417 446 730 510 annaneane·
817 446 823 457 ’

321 631 353 692 S.
372 631 469 692 Tiora.
486 640 580 712 quaet.
594 630 715 694 aaran
730 632 760 691 6.
883 706 887 715 1
997 598 1046 713 :¹

88 812 113 871 1.
140 811 209 871 Tria
232 815 401 891 imprimant
418 817 625 876 characterem.
675 816 717 879 11.
742 815 802 877 Car
815 817 930 875 tantam
943 815 1006 874 tria.
1038 840 1057 881 μ

131 892 187 951 ΙΙΙ.
210 892 355 956 Probatur
368 896 520 957 character
533 907 634 959 eontra
648 896 806 959 iuratione..
837 895 892 955 IV.
910 894 1008 976 Officia
1039 922 1057 955 ι

131 977 309 1034 characteris
329 977 484 1055 Baptiemi.
533 977 573 1036 V.
599 977 844 1055 confirmatiorem.
898 976 925 1041 ‚V
928 978 953 1035 1.
973 976 1008 1045 Et
1039 1000 1057 1037 ι

135 1057 266 1115 Ordinis.
1039 1062 1046 1117 ζ

928 1190 931 1197 .
1040 1162 1057 1205 Ι

133 1236 228 1304 Quor
249 1244 420 1317 etquenam
433 1240 619 1299 Sacramenta
631 1241 796 1318 imprimunt
807 1238 1012 1298 characterem!
1041 1246 1056 1285 Ι

135 1315 160 1373 l.
184 1318 222 1374 R.
246 1316 300 1375 Est
322 1319 437 1398 Dogma
459 1320 524 1379 fidei
544 1323 573 1380 in
598 1321 711 1380 decreto
724 1320 810 1379 Cone.
829 1319 954 1379 Floreat.
968 1336 1013 1398 pra
1041 1326 1056 1367 1

93 1399 223 1456 Armenia
249 1396 294 1456 his
317 1401 405 1460 verbis
431 1401 580 1461 traditum:
611 1401 720 1458 “Inter
745 1401 807 1460 haee
834 1399 1014 1459 Sacramana
1042 1408 1056 1447 ¹

92 1484 111 1512 “
128 1486 216 1552 (nova
231 1477 329 1558 Legis)
343 1483 401 1539 tria
412 1489 483 1551 eunt,
493 1484 667 1561 Baptismus,
680 1482 872 1547 Confirmatio,
885 1490 914 1540 et
927 1478 1015 1545 Orda,
1044 1488 1056 1529 Ι

93 1564 113 1591 “
126 1578 189 1636 quae
202 1560 401 1628 characterem,
422 1561 449 1620 id
463 1572 516 1629 eet,
534 1563 674 1642 spirituale
686 1562 829 1641 quoddam
841 1566 952 1640 signnm
966 1564 1014 1619 im·
1049 1578 1056 1583 ·

95 1643 254 1717 “primunt
274 1641 424 1702 indelebile
446 1646 474 1702 in
495 1647 606 1719 anima:
628 1644 704 1704 unde
727 1646 756 1702 in
780 1641 889 1701 eadem‘
903 1661 1018 1723 perenna

96 1725 116 1753 “
132 1740 186 1777 non
202 1722 378 1780 reiterantur.
421 1716 542 1800 Reliqua
554 1728 615 1782 veri)
635 1724 825 1784 characterem
845 1744 900 1782 non
922 1724 1016 1802 impri-

98 1805 116 1834 “
132 1809 219 1874 mrrnt,
240 1811 271 1859 et
282 1805 484 1863 reiterationem
499 1805 676 1864 admittunt.”
703 1805 783 1864 Idem
792 1806 921 1864 definivit
932 1804 1018 1863 eone.

99 1880 178 1939 Trid.
195 1901 261 1940 sess.
277 1880 306 1941 7.
322 1905 384 1943 can.
400 1888 428 1945 9.
442 1887 477 1944 de
492 1887 573 1944 Sacr.
589 1890 620 1945 a'n
634 1906 707 1964 gen.
1003 1918 1006 1925 ·

140 1960 235 2083 Qunam
257 1963 307 2022 illa
329 1968 382 2024 tria
394 1964 577 2026 Sacramenta
589 1982 646 2047 pre
659 1968 721 2027 aliis
732 1968 895 2048 imprimunt
908 1966 1020 2027 charae·

98 2053 205 2100 terem.

142 2121 181 2180 ΙΙ.
206 2124 242 2182 R.
265 2125 402 2184 Primaria
422 2131 493 2187 ratio
510 2136 555 2187 eet
577 2128 699 2189 voluntate
721 2137 757 2186 et.
766 2129 900 2188 institutio
918 2127 1025 2188 Chriati

102 2202 181 2260 nobis
194 2205 370 2265 manifestata
384 2227 434 2288 per
446 2209 631 2269 traditionem.

145 2283 231 2344 Ratio
245 2296 338 2344 autem
354 2291 540 2367 congruentia
553 2299 605 2362 est,
625 2288 700 2369 qued
711 2291 794 2348 sicuti
807 2291 957 2367 antiquitus
974 2289 1023 2347 mi·

101 2364 164 2422 lites
178 2367 279 2439 etalii,
301 2371 350 2448 qui
368 2368 406 2428 ad
417 2369 523 2451 aliquid
535 2368 749 2450 deputabantur,
770 2369 896 2431 solebant
910 2366 1023 2449 quibua·

104 2443 171 2503 dam
192 2447 399 2507 characteribus
420 2451 563 2528 insigniri;
584 2455 626 2510 ita
646 2460 676 2508 et
694 2470 847 2528 aongruum
861 2451 907 2524 sit,
928 2456 1025 2528 utne
1051 2462 1054 2477 ¹

102 2523 164 2584 hnc
177 2531 229 2586 tria
242 2530 426 2589 Sacramenta
438 2532 583 2590 character
595 2534 778 2611 imprimatur,
792 2540 824 2592 ut
836 2550 904 2591 mox
918 2530 1026 2610 patebit

104 2626 141 2662 ex
157 2609 264 2668 ratione
276 2609 420 2687 officioque
433 2613 574 2692 cujusque.
1050 2658 1054 2671 ·

147 2689 297 2758 Quomodo
320 2702 417 2751 contra
437 2693 579 2752 haereticos
604 2694 745 2775 probatur,
765 2692 827 2752 haeo
850 2693 901 2751 tria
925 2692 1023 2751 Sacra·

105 2780 203 2830 menta
213 2791 251 2830 ex
262 2774 433 2832 institutione
447 2772 552 2833 Christi
563 2776 723 2853 imprimere
734 2774 923 2835 characterem
934 2774 946 2830 ἓ
1046 2798 1051 2831 :

151 2850 206 2909 ΙΙΙ.
230 2853 266 2912 R.
284 2852 323 2909 1⁰·
344 2852 475 2923 Illustria,
491 2857 581 2935 inquit
594 2855 733 2934 steyaert,
748 2856 893 2936 Scriptura
907 2853 1024 2932 locopro
1045 2872 1053 2915 t

109 2930 268 2992 charactere
282 2933 419 3013 Baptiemi
433 2944 461 2998 et
470 2935 692 2996 confirmationis
705 2945 780 3010 eunt,
789 2938 818 2996 2.
833 2935 870 2995 ad
883 2933 950 2995 Cor.
961 2953 1023 3014 cap.
1046 2958 1053 2997 r

113 3010 140 3069 1.
153 3031 176 3072 v.
191 3013 278 3072 2i.et
290 3014 341 3074 22.
355 3017 428 3076 Item
441 3016 480 3077 ad
493 3017 598 3096 Ephee.
613 3038 675 3097 cap.
692 3021 718 3075 l.
733 3037 758 3077 r.
775 3016 821 3076 13.
834 3025 865 3076 et
878 3035 939 3096 cap.
954 3014 986 3075 4.
998 3034 1022 3074 r.
1045 3040 1053 3077 ι

109 3091 157 3151 30.
171 3114 209 3152 ex
227 3096 335 3174 quibua,
358 3097 490 3158 licetnon
504 3100 618 3159 omnino
631 3107 747 3177 certum,
767 3107 859 3159 mmen
874 3095 1024 3156 admodum
1046 3122 1053 3163 ι

104 3174 249 3251 probabile
261 3175 408 3239 deducitur
419 3188 626 3258 argumentum.
913 3214 917 3220 ·
1048 3206 1052 3243 ι

150 3260 189 3314 2..
211 3258 394 3318 Potissimum
415 3280 453 3319 ex
474 3259 641 3320 traditione:
661 3267 691 3319 et
711 3262 752 3321 eie
765 3259 931 3319 characteris
941 3259 1025 3316 etiam

108 3339 275 3399 meminitS.
285 3341 438 3419 Dionysius
451 3342 486 3400 dc
501 3336 717 3401 Eccleee'aate'ca
731 3340 910 3400 Hierarclea‘a
920 3358 983 3417 cap.
996 3337 1023 3394 i.

107 3428 137 3476 et
150 3418 198 3476 alii
209 3421 307 3479 Sancti
321 3422 427 3480 Patres.

147 3496 187 3553 3⁰·
209 3500 314 3560 Contra
328 3503 501 3563 Lutheranoa
521 3511 550 3564 et
573 3501 736 3562 calvinistae
752 3501 937 3562 Bellarminns
950 3506 1027 3579 urget

107 3576 161 3637 hoc
174 3590 367 3659 argumentum
382 3584 419 3646 ad
433 3584 596 3647 hominem:
624 3582 735 3645 subluto
748 3584 910 3645 charactere
923 3583 1025 3660 baptis·
