2130 3990
61 157 122 215 &54
438 171 620 217 rsacrsrus

62 321 91 377 in
107 317 163 376 Dei
177 316 293 396 gloriam
308 317 390 392 cedit,
403 325 435 376 ut
447 318 547 377 dirinoe
561 317 651 377 laudis
665 316 817 377 celebratio
826 337 838 373 ε·
855 316 929 377 Psal.
941 318 975 382 lt,
1015 287 1027 404 ἑ

61 421 88 461 v.
103 398 152 458 23.
175 399 360 467 Sacrificium
382 399 481 458 laudis
493 399 699 474 honorificabit
720 419 789 465 me,·
811 399 977 478 elecmosyra

62 480 182 559 largitio,
204 481 240 538 ad
253 479 343 538 Hebr.
358 500 419 558 cap.
433 481 481 539 ult
497 501 524 538 r.
543 479 590 539 16.
635 480 762 540 Talibus
784 481 863 538 enim
886 478 981 542 Harii
1024 514 1026 527 =

62 571 246 640 promeretur
260 561 353 621 Deris.

106 641 236 700 Secuudd
248 642 358 719 proprie
372 662 423 719 pro
436 642 483 699 illo
496 650 561 700 actu
581 641 748 721 Religionis,
768 641 817 719 qui
827 640 984 719 distinguitur
1021 614 1027 731 l

67 731 163 780 contra
183 724 275 781 omnia
288 723 343 781 alia
354 723 537 800 bonoopera;
560 732 589 781 et
610 723 648 781 ita
662 723 783 780 sumitur
803 721 888 782 Osed
903 722 984 800 capt

65 825 94 861 v.
110 804 139 861 o.
155 804 394 863 Misericordiam
410 803 483 874 uolo,
503 814 532 862 et
545 823 602 862 non
618 800 822 880 sacrficium.

108 884 146 942 II.
169 885 340 943 Sacrificium
362 883 472 962 proprie
492 893 522 942 et
545 884 639 943 stricti
654 892 798 962 sumptum
823 884 988 962 promtiore

66 965 259 1038 sacrificativa,
289 967 325 1024 de
352 987 407 1044 quo
435 967 480 1024 hic
504 965 621 1042 agimus,
643 967 683 1023 sio
707 964 857 1024 definitur:
893 963 989 1024 Oblata

66 1055 192 1118 exterus,
214 1049 269 1124 qui
289 1067 336 1106 rec
349 1049 445 1124 aliqua
465 1046 600 1104 sensibilis
622 1054 650 1104 et
663 1054 836 1123 permanens
853 1064 904 1123 per
915 1046 989 1125 legiti-

67 1149 144 1185 mum
157 1128 318 1186 Ministrum
332 1135 518 1200 cousecratur,
530 1127 676 1199 perimitur
687 1136 737 1186 sut
749 1128 834 1186 aliter
848 1127 992 1189 immutatur

69 1212 97 1266 iu
110 1211 336 1286 protestationem
350 1209 470 1286 supremi
487 1209 543 1266 Dei
556 1209 585 1265 in
598 1228 644 1267 res
652 1228 750 1267 omnes
763 1216 878 1267 creatas
886 1208 993 1281 domim,

70 1300 228 1367 nostraeque
241 1311 309 1369 erga
322 1311 386 1348 eum
399 1288 584 1368 subjectionis.

112 1371 232 1448 Explica
245 1372 368 1449 singulas
383 1369 548 1428 definitionis
562 1369 735 1446 particulas?

114 1452 168 1510 III.
193 1451 231 1510 R.
248 1452 359 1510 Dicitur
373 1449 502 1510 oblatio:
524 1471 588 1528 quas
606 1472 664 1509 vox
682 1451 767 1509 habet
778 1451 877 1510 locum
888 1451 996 1530 generis,

70 1536 165 1611 inquo
179 1533 351 1591 Sacrificium
364 1533 492 1591 convenit
506 1553 569 1594 cum
582 1533 642 1591 aliis
656 1531 854 1605 oblationibus,
872 1552 902 1591 v.
911 1551 940 1610 g.
952 1533 996 1610 pri·

73 1616 219 1674 miliarum.
1025 1620 1027 1633 ²

113 1695 170 1755 IV.
192 1695 312 1755 Additur
324 1702 462 1754 selerne:
485 1692 632 1773 conjuncta
644 1702 739 1753 tamen
753 1714 820 1753 cum
837 1692 957 1765 intumi,
973 1701 998 1751 rt
1024 1694 1027 1729 ¹

74 1778 138 1836 Deo
151 1778 276 1853 placeat3
298 1796 354 1854 qus
368 1776 565 1835 scilicethomo
578 1797 609 1835 se
622 1795 728 1854 suaque
742 1775 840 1846 omnia
854 1774 921 1835 Deo
931 1773 999 1834 offen

73 1867 102 1918 ot
122 1856 239 1916 subicit.

38 1966 43 1975 *
104 1938 144 1997 V.
155 1880 225 2004 (iud
235 1957 282 1996 rea
292 1936 460 1996 sensibilis:
473 1936 644 1996 Sacrificium
656 1938 739 2010 enim,
747 1937 840 2015 inquit
850 1933 931 1993 Trid
940 1955 999 1994 sess.

75 2020 124 2076 22.
138 2040 197 2095 cap.
216 2024 241 2076 1.
255 2018 362 2076 visibile
377 2034 448 2076 esse
463 2019 567 2090 debuit,
590 2019 662 2076 sicut
682 2019 827 2076 hominum
842 2016 998 2081 naturaexi-

77 2104 133 2173 git:
155 2100 254 2158 deinde
268 2099 409 2157 Sacrificio
423 2100 450 2157 in
464 2099 589 2178 ejusdem
602 2099 755 2176 Religionis
766 2100 875 2157 cultum
887 2097 998 2156 homins

68 2182 280 2253 ,coadunantur3
317 2181 442 2238 homines
457 2189 549 2238 autem
560 2181 631 2240 inter
645 2201 675 2238 se
686 2180 894 2238 communicare
907 2198 996 2256 neque-

79 2272 140 2331 unt,
161 2263 213 2319 nisi
226 2282 277 2337 por
290 2261 371 2338 signa
384 2261 532 2322 sensibilia.

122 2343 176 2402 VI.
199 2343 437 2421 Etpermonerre:
458 2362 514 2400 non
528 2342 602 2419 quod
615 2362 660 2400 res
670 2341 770 2400 debeat
783 2361 898 2418 semper
904 2360 997 2417 pernre-

79 2445 145 2482 nere
160 2432 223 2500 post
235 2423 372 2480 actionem
383 2421 616 2480 Sacrificativaru:
638 2432 730 2500 potest
740 2423 813 2480 enim
828 2423 949 2480 totaliter
960 2422 996 2478 dr·

81 2505 158 2576 strui,
180 2514 212 2562 ut
225 2511 302 2580 patet
322 2504 351 2561 in
374 2503 561 2573 Holocaust0;
583 2504 634 2561 sed
657 2505 731 2581 qudd
754 2503 859 2562 debeat
880 2523 942 2561 esse
965 2523 998 2560 ro

81 2587 169 2643 solida
183 2594 211 2642 ct
224 2585 352 2641 distincta
366 2593 461 2642 contra
475 2586 597 2642 actiones
607 2585 683 2642 meri
697 2592 884 2655 transeuntes,
899 2592 930 2640 ut
943 2603 967 2640 r.
978 2605 997 2662 g.

83 2666 304 2746 genuflexiones,
325 2662 379 2722 &c

123 2747 195 2807 VII.
218 2748 278 2806 Per
293 2747 452 2822 legitimum
468 2746 641 2805 Mr‘nistrum
650 2769 660 2804 :
680 2766 735 2803 non
749 2746 804 2825 per'
813 2764 1000 2823 quemcumque

81 2830 230 2900 hominem,
254 2828 304 2886 sed
325 2848 389 2886 eum
408 2827 454 2904 qui
471 2828 507 2884 ad
526 2828 579 2884 hoc
594 2827 782 2885 Ministerium
801 2836 920 2884 vocatur
932 2837 1001 2884 etse-

82 2911 188 2987 ligitur:
209 2911 279 2968 tales
294 2916 387 2966 autern
400 2908 501 2965 suntin
513 2928 587 2964 nova
601 2907 681 2985 Lege
704 2909 755 2966 soli
771 2900 909 2985 Episcopi
924 2917 953 2965 et
961 2905 1002 2962 Sa-

82 2993 225 3049 eerdotes:
247 2992 283 3048 de
297 2989 428 3046 Ministro
441 2987 574 3046 sacrificii
591 2989 620 3046 in
641 2988 720 3068 Lego
735 2989 855 3047 Naturae
873 2996 903 3046 et
917 2987 1004 3058 veteri,

83 3073 145 3129 vide
158 3072 245 3129 Num.
262 3070 311 3129 69.
327 3073 363 3130 de
379 3069 549 3147 Relr'gr'oue.

18 3214 23 3221 ,
125 3152 213 3212 VIII.
232 3153 439 3213 Consecratur:
461 3152 595 3228 quiores,
616 3171 680 3229 quas
704 3151 769 3210 Deo
793 3149 920 3223 offertur,
934 3149 1007 3207 debet

83 3255 121 3291 ex
135 3233 251 3310 profani
263 3232 323 3292 fieri
336 3232 423 3290 Sacra
436 3240 466 3290 et
480 3232 545 3289 Deo
557 3232 658 3290 dicata.

126 3316 292 3374 perimitur
310 3322 363 3374 aur
376 3313 463 3372 aliter
476 3317 665 3371 immutatur:
688 3312 771 3370 debet
784 3312 858 3370 enim
877 3331 934 3383 res,
955 3331 1009 3389 qua

84 3396 263 3468 sacrificatur,
284 3416 335 3474 per
355 3395 520 3453 occisionem
542 3402 590 3451 aut
604 3394 686 3451 aliam
708 3394 890 3451 mutationem
903 3393 1012 3463 desbui,

86 3478 129 3534 vel
146 3479 246 3536 saltem
260 3478 340 3555 quasi
353 3477 381 3534 in
394 3476 536 3537 interitum
563 3476 688 3550 tendere,
702 3483 733 3534 ut
755 3482 864 3533 constat
878 3494 916 3533 ex
931 3472 1013 3532 omni·
