2130 3990
352 143 705 192 nssrcsrnrcrorrrsas.
929 122 990 194 ³82

94 292 135 355 R„
161 292 238 372 Neg.
253 311 364 370 conseq.
387 292 471 372 Disp.
485 299 536 363 est,
558 290 632 372 quod
651 286 799 374 piopositio
812 292 840 352 in
854 293 985 374 exemplo

48 374 175 457 allegata
200 377 237 435 sit
260 374 338 433 mere
352 372 576 442 demonstrativa,
599 393 661 452 quae
676 374 716 434 nil
729 375 841 435 realiter
863 377 942 453 ponit
954 378 983 434 vi

48 457 221 517 verborum:
240 475 304 534 ergo
317 454 482 527 verificatur,
497 453 580 512 modo
594 453 667 512 adsit
683 454 761 525 illud,
775 453 851 534 quod
866 455 981 514 demon·

48 546 172 599 stratur:
193 535 243 596 sed
257 534 448 595 serbaformae
461 542 526 594 sunt
538 537 672 613 practice,
685 536 722 596 ad
735 536 815 614 cujus
837 538 982 596 veritatem

48 619 213 697 requiritur,
226 623 255 678 et
266 614 377 687 sufficit,
392 614 600 694 utproduoatur
612 616 690 688 illud,
711 617 789 696 quod
803 617 981 695 significatur,

48 706 79 759 et
89 699 130 759 nil
142 697 219 758 uliud
233 700 260 757 vi
270 697 426 772 verborum,
440 715 507 775 ergo
521 697 612 756 solum
624 695 741 777 Corpus.

94 881 185 941 N.5.
214 881 273 941 DE
288 877 506 941 MINlSTRO
533 879 762 941 SACRIFICII
787 879 938 942 MISSAE.

49 1090 75 1153 1.
97 1092 273 1155 Primus-ius
286 1093 427 1154 Minister
441 1094 594 1172 Sacrificii
605 1099 650 1154 est
661 1095 800 1154 Chrs'stus
812 1092 979 1154 Dominus:

88 1175 134 1236 11.
156 1176 359 1236 Secundarr‘us
372 1183 417 1236 est
441 1181 538 1235 omnis
565 1185 593 1236 et
615 1174 698 1235 eolus
727 1175 885 1236 Sacerdos:
922 1173 979 1232 111.

90 1256 198 1319 Etiam
209 1257 310 1327 fideles
322 1266 391 1316 sunt
405 1256 568 1335 offerentes.

86 1436 174 1508 Quis
186 1446 227 1508 est
242 1438 373 1499 Minister
379 1438 516 1499 Sacrificii
532 1439 650 1501 Missa?

89 1517 117 1578 1.
136 1520 173 1579 R.
197 1519 363 1598 Principalis
379 1521 512 1580 Minister
526 1529 553 1580 et
564 1520 685 1581 oflerene
695 1520 780 1599 hujus
791 1519 926 1582 Sacrificii
937 1529 981 1583 est

48 1600 181 1679 Christus
195 1603 345 1674 Dominus,
365 1622 420 1661 uon
443 1604 533 1661 sotum
558 1603 705 1680 quiaillud
719 1603 846 1671 instituit,
859 1609 899 1662 et
912 1605 979 1682 quis

48 1684 179 1745 nitotam
192 1681 347 1743 efficaciam
360 1703 398 1742 ex
413 1686 515 1742 meritis
536 1687 594 1742 suis
609 1684 737 1757 contulit,
764 1683 815 1744 sed
837 1683 978 1763 praecipue

48 1783 81 1823 ex
95 1783 145 1836 eo,
159 1764 231 1842 qudd
245 1783 295 1843 per
318 1763 486 1822 Sacerdotes
500 1771 633 1844 tanquam
663 1784 712 1844 per
723 1784 788 1824 suos
803 1763 934 1824 Vicarios
949 1774 980 1823 at

48 1844 195 1907 Ministros
219 1845 327 1920 offeret,
349 1847 398 1925 qui
418 1854 566 1924 propterea
589 1845 673 1904 verbu
686 1847 901 1907 consecrationis
914 1864 979 1925 pro·

48 1922 183 1987 'nuntient
193 1928 223 1986 in
238 1926 361 1985 Persona
373 1925 487 1996 Christi.

83 2026 130 2087 11.
146 2026 191 2089 2⁰·
213 2027 315 2088 Omnis
326 2037 357 2088 et
368 2027 443 2088 solus
456 2028 593 2088 Sacerdos
613 2027 737 2108 legitime
759 2028 902 2088 ordinatus
916 2033 980 2108 post

48 2108 196 2171 Christum
210 2117 253 2169 est
265 2129 346 2168 verus
372 2118 403 2168 et
428 2111 554 2188 proprius
579 2110 708 2169 Minister
722 2110 807 2189 hujus
819 2108 977 2169 sacrificii:

48 2191 115 2273 puis
127 2191 170 2251 illi
184 2190 235 2250 soli
248 2199 364 2270 possunt
376 2189 513 2249 conficere
526 2192 578 2249 hoc
593 2190 776 2261 Sacrificium,
789 2191 837 2271 qui
858 2198 978 2270 potesta·

48 2276 104 2333 'tem
118 2272 356 2351 supernaturalem
369 2271 406 2330 ad
416 2271 447 2330 id
461 2281 639 2351 acceperunt,
661 2273 713 2331 soli
734 2283 828 2331 autern
842 2269 977 2332 Sacerdo-

48 2362 86 2414 tes
101 2361 270 2436 potestatem
292 2351 371 2412 iilam
385 2363 558 2431 receperunt,
573 2361 604 2412 ut
617 2362 694 2434 petet
706 2372 743 2412 ex
756 2373 853 2414 eorum
868 2351 977 2411 Conse·

48 2437 183 2496 cretione.

86 2537 192 2599 Valori
206 2558 259 2596 non
270 2536 362 2596 obstet
375 2537 534 2597 Sacerdotis
549 2540 663 2609 malitia,
677 2539 760 2598 modo
776 2538 912 2599 adhibeat
924 2538 974 2598 de-

48 2619 135 2679 bitam
148 2619 309 2679 'materiam
333 2627 363 2676 et
388 2617 507 2678 formam
522 2639 586 2678 cum
605 2623 760 2679 intentione
774 2619 975 2689 consecrandi:

48 2707 168 2781 potestne
182 2718 304 2777 namque
318 2698 434 2759 Ordinis
447 2709 490 2758 est
502 2703 531 2759 in
541 2722 575 2759 eo
594 2701 766 2760 indelebilis:
786 2699 836 2760 sed
847 2700 884 2760 ad
896 2701 974 2761 licite

48 2791 76 2843 st
85 2781 135 2863 pie
145 2779 351 2854 celebrandum,
364 2780 510 2856 interulis,
524 2802 561 2841 ex
575 2794 649 2860 parte
663 2782 849 2861 dispositionis
859 2784 973 2842 animae.

48 2862 190 2943 requiritur
202 2863 307 2941 puritas
319 2864 391 2933 vitae,
407 2862 545 2921 rectitudo
559 2866 729 2937 intentionis,
752 2863 863 2923 devotio
876 2883 911 2921 ac
931 2882 959 2922 re

48 2945 185 3019 retentio:
206 2941 352 3021 dequibus
366 2941 551 3022 pulcherrime.
566 2943 725 3005 Cardinalis
739 2945 818 3003 Bona
830 2947 860 3003 in
884 2945 972 3004 Trac-

48 3033 103 3099 utu
117 3024 241 3085 asoefico
254 3025 290 3084 de
302 3023 455 3092 Sacrifich
470 3024 587 3085 Missae.

83 3124 146 3185 111.
158 3123 200 3183 3⁰·
216 3124 329 3185 Fideles
342 3129 427 3185 etism
441 3145 492 3184 suo
507 3126 590 3185 modo
600 3134 666 3184 sunt
679 3127 834 3200 offerentes,
848 3126 973 3187 mediate

48 3207 173 3267 nimirum
188 3226 239 3286 per
252 3205 431 3280 Sacerdotes,
456 3208 503 3284 qni
517 3207 617 3266 modus
631 3208 702 3267 solet
715 3209 846 3287 distingui
857 3208 971 3288 triplici·

48 3295 97 3359 ter:
118 3290 210 3367 primo
233 3288 398 3366 generaliter
411 3295 439 3346 et
465 3291 546 3366 quasi
568 3288 756 3362 hebituuliter,
777 3299 806 3348 et
819 3292 860 3348 sic
874 3310 971 3350 omnes

48 3366 140 3445 fideles
152 3367 219 3429 sunt
231 3368 394 3432 offerentes:
417 3370 484 3448 quin
496 3377 562 3428 sunt
576 3370 703 3431 membra
718 3370 863 3439 Ecclesia,
887 3369 970 3449 cujus

48 3450 157 3513 nornine
168 3448 262 3509 -offert
274 3449 419 3511 Sacerdos.

78 3528 122 3591 2⁰·
144 3528 321 3611 Specieliter,
333 3531 485 3592 assistendo
495 3530 650 3606 Sacrificio,
670 3540 700 3596 et
712 3531 914 3597 coulormsudo
927 3534 969 3594 in·

48 3614 197 3699 utonem
209 3631 290 3674 suurn
300 3613 448 3678 intentioni
461 3612 635 3685 celebrantis,

443 3814 524 3881 tas
