2130 3990
92 186 151 249 126
472 201 645 249 mamm

91 347 244 420 nonnullis,
261 345 368 407 seilicet
388 343 475 424 quot,
495 345 562 405 dum
583 346 645 424 jem
664 340 935 405 nennio-eostam
957 362 1006 403 non
1038 351 1065 425 fi

91 429 411 571 ffimtSaemnenmm
426 426 610 500 Poeninnuae,
631 427 845 506 per'aelicitum
867 427 907 485 sit
928 424 1008 485 atati
1039 483 1054 500 ,,

131 510 226 569 inistre
234 511 374 589 suscipere
382 509 595 569 Sacramentum
604 504 1007 570 Extnne-Uncuonnzrcm

93 593 179 650 etiam
194 600 309 655 censent
322 589 359 648 de
378 591 488 658 uafiec,
510 591 575 651 siin
589 589 734 669 suppodto
750 586 808 649 alia
829 588 1008 647 manente

90 678 414 811 'ffltttttttntt
436 768 486 810 sn
508 758 666 810 extima
685 750 881 809 „mntem
905 746 1007 809 „nm

94 833 339 893 Sacramentumi
353 832 481 892 Ministro
491 852 547 891 non
560 831 677 891 tolerato
688 831 757 891 licet
767 833 922 911 suscipere.

138 911 210 972 vlt.
222 918 261 972 2⁰·
282 915 311 973 Α
321 912 451 973 Ministro
462 914 548 987 malo,
564 912 616 975 sed
627 910 756 985 tolerato,
774 914 821 971 cui
833 922 891 972 non
904 911 1008 971 incunt·
1054 968 1059 987 ,

96 995 140 1056 bit
156 993 341 1055 Sacramenta
363 995 526 1064 ministrare,
548 995 689 1072 signanter
706 996 734 1053 -si
756 1012 813 1052 non
834 994 871 1053 ait
890 999 1008 1071 paratus,
1054 1058 1058 1067 Ι

96 1077 282 1136 Sacramenta
295 1084 390 1154 petere
404 1074 543 1147 nonlicet,
555 1075 889 1152 nisiurgsatnaceeeitase
910 1079 940 1131 et
950 1071 1009 1131 hae
1045 1124 1050 1149 ,

97 1154 214 1237 quidem
223 1157 331 1233 gravior
340 1175 400 1213 esse
407 1154 501 1229 debet,
509 1157 533 1215 ai
544 1154 676 1215 Minister
686 1173 890 1234 chmnram
901 1151 1010 1213 aliterve
1044 1156 1058 1227 l

96 1237 137 1299 im
160 1235 250 1297 editus
260 1238 309 1304 sit,
325 1239 409 1315 qnam
423 1235 492 1295 dnm
504 1247 547 1296 eet
557 1236 718 1315 simplicitet
729 1234 829 1296 malus.

173 1318 231 1377 III.
250 1316 294 1376 3⁰·
313 1317 357 1380 Ut
381 1317 459 1377 lieit'e
484 1318 670 1377 Sacramenta
693 1325 825 1396 petantur
845 1316 865 1375 a
887 1314 1012 1375 Ministro
1062 1333 1065 1342 ·

98 1398 177 1460 malo
199 1399 326 1468 tolerato,
347 1400 455 1475 quiex
476 1399 565 1457 officie
584 1405 693 1457 tenetur
713 1396 751 1457 ad
773 1398 1010 1457 Sacramentomm
1034 1442 1038 1469 ,

98 1479 376 1549 administrationem,
391 1499 445 1538 non
459 1484 567 1537 tantum
574 1477 678 1539 sufficit
688 1479 1010 1539 necessitasSecramen-
1032 1526 1036 1553 ,

97 1570 200 1628 terum,
211 1580 272 1640 quar
282 1580 339 1620 non
351 1568 416 1619 sunt
427 1559 570 1626 libertatia,
596 1560 634 1637 (v.-
649 1579 676 1638 g.
696 1559 841 1619 Viatinum
854 1559 903 1618 vel.
914 1558 1011 1617 Extre-

98 1642 296 1717 ma·Unctio),
310 1640 360 1700 sod
389 1643 475 1699 etiarn
507 1638 648 1699 sufficiunt
675 1642 853 1700 necessitates
885 1639 1010 1719 quadan

99 1724 237 1791 minorem
258 1724 315 1781 imo
337 1720 510 1782 rationabilis
533 1741 627 1790 causa,
648 1741 674 1780 a.
687 1741 717 1801 g.
735 1722 811 1801 quod
825 1720 1009 1781 Parochianas
1030 1728 1035 1801 Ι

99 1802 283 1865 Sacramenta
296 1822 345 1882 pro
356 1822 435 1862 more
448 1803 600 1863 christiano
609 1804 745 1882 smeipere
758 1801 837 1862 relit-
862 1801 951 1862 Ratio
962 1809 1011 1868 eat,
1030 1810 1034 1855 i

99 1881 185 1964 qnod,
206 1889 273 1943 cum
288 1883 478 1943 Perochianus
495 1882 545 1961 jus
557 1883 670 1951 habeat,
691 1891 722 1942 et
740 1885 878 1943 rationem
888 1882 955 1961 jure
966 1901 1010 1941 suo
1030 1904 1035 1943 τ

98 1964 200 2025 utendi
212 1984 262 2023 seu
275 1965 460 2025 Sacramenta
470 1964 587 2044 petendi,
598 1984 653 2025 non
667 1963 770 2024 debeat
781 1964 819 2024 ob
831 1964 948 2043 impiam
962 1963 1009 2022 Pa·
1036 2024 1043 2035 ,

99 2045 179 2108 sochi
192 2046 277 2106 vitem
292 2044 434 2104 ordinariis
446 2045 544 2105 salutis
553 2045 686 2105 subsidiis
697 2046 805 2124 privari.

143 2126 211 2205 Obj.
228 2127 293 2186 Noc
306 2134 358 2193 est,
369 2126 443 2205 qnod
453 2125 572 2201 dicatur,
581 2125 658 2206 quod
668 2125 814 2185 Parochus
824 2146 851 2185 r.
864 2143 892 2203 g.
903 2130 1010 2185 excom
1048 2190 1052 2199 ¹

99 2209 261 2268 manicatus
280 2206 412 2268 toleratus
435 2208 618 2266 Sacramenta
641 2206 834 2267 administrare
855 2225 911 2266 non
935 2207 1013 2287 possit
1046 2204 1053 2213 '

100 2288 191 2358 licite,
206 2291 381 2369 quantumvis
394 2291 479 2349 etiam
492 2288 752 2367 assetjnstifieatas,
771 2289 824 2348 nisi
835 2290 911 2369 prius
922 2287 943 2345 a·
954 2306 1011 2347 cen·

98 2368 429 2433 snrafueritabsolutus.

140 2450 179 2509 R.
195 2450 291 2519 Enim,
306 2450 381 2527 quod
393 2453 418 2510 si
431 2449 584 2529 periculum
597 2448 1014 2529 incommodispiritnalisipsiar

97 2530 202 2591 subditi
214 2551 320 2591 moram
334 2531 471 2600 admittat,
493 2540 525 2591 nt
538 2531 680 2591 Paroehus
692 2533 798 2591 interea
816 2533 907 2610 pessit
915 2531 1014 2609 supen-

99 2631 176 2672 orem
197 2611 343 2682 accedere,
365 2611 503 2690 obligatur
515 2620 584 2671 mne
603 2610 745 2671 Paroehun
756 2610 808 2671 sub
822 2628 891 2671 noro
903 2616 1016 2691 peccem

96 2692 128 2753 ic
141 2693 233 2753 lacere
245 2700 311 2753 anta
324 2695 501 2753 Sacramenti
513 2692 789 2764 adninntnttonen,
803 2690 942 2772 debetque
954 2693 1016 2751 snb*

96 2774 172 2835 ditus
185 2774 241 2835 hoc
254 2777 281 2835 ei
294 2784 407 2854 tempus
419 2774 488 2834 dare
495 2796 504 2841 ;
521 2776 550 2834 si
562 2788 658 2834 autem
665 2775 840 2852 seponerem
848 2773 928 2832 adire
942 2774 1016 2846 nolit,

97 2864 196 2945 peccat
209 2876 247 2914 ex
261 2855 336 2915 rnale
346 2877 399 2915 sua
411 2855 564 2926 voluntate,
581 2854 618 2915 ob
631 2872 716 2934 quam
729 2854 857 2914 subditis
864 2874 919 2914 non
934 2853 1018 2913 elebat

95 2956 158 3013 Jure
172 2956 222 2995 suo
235 2939 344 3015 privari.

138 3018 168 3075 Si
181 3026 277 3076 autern
287 3014 496 3076 incommodum
509 3015 651 3095 spirituale
660 3014 765 3077 subditi
774 3014 890 3085 nullam,
904 3015 1018 3076 retinen

95 3095 278 3157 sufficientem
299 3096 428 3157 admittat
452 3117 566 3168 moram,
588 3118 644 3157 non
657 3097 785 3177 peccabit
795 3106 863 3155 tunc
877 3096 1020 3157 Paroehns

96 3179 311 3240 Sacramentum
333 3176 564 3251 administrando,
584 3181 609 3238 si
631 3196 681 3258 pro
702 3198 781 3258 posse
799 3197 850 3237 suo
862 3179 1018 3257 pmniteat3

96 3261 120 3318 si
142 3267 238 3319 autem
260 3272 345 3319 antea
357 3258 518 3338 perinent
531 3258 690 3339 hujusmodi
704 3261 896 3319 necessitatem
913 3257 1021 3338 (qualis

95 3339 154 3399 fere
166 3360 274 3421 semper
286 3342 417 3401 imminet
431 3337 579 3418 Parcchis)
593 3348 624 3400 et
642 3342 810 3420 superiorem
833 3359 883 3420 pro
905 3338 1020 3398 absolo-

95 3423 174 3483 tione
197 3422 332 3481 accedere
360 3420 525 3501 neglexerit,
554 3421 616 3499 jam
638 3426 705 3480 tuno
727 3427 876 3500 peccatum
901 3420 1023 3481 incenit

94 3511 207 3582 prepter
221 3503 389 3580 periculum,
410 3503 458 3562 cui
469 3521 501 3562 ee
514 3501 669 3563 adnotatio
681 3503 823 3581 exposuit

137 3581 191 3642 IX.
215 3583 393 3657 Notandum,
415 3582 493 3664 qnod,
516 3585 778 3647 excommunicatus
804 3582 941 3659 toleratm
957 3598 1021 3641 nen

94 3667 180 3746 possit
192 3685 222 3726 se
236 3665 309 3727 utne
322 3667 445 3745 ingerere
456 3663 493 3725 ad
505 3660 715 3727 Sacramentum
728 3663 843 3746 aliquod
857 3663 1022 3725 ministran-
