2130 3990
107 200 169 263 262
493 217 675 264 cuicuinus

107 365 326 438 solemnitatem,
348 385 410 446 quae
424 364 568 425 incidebat
592 366 622 422 in
650 363 747 422 lunam
775 363 824 424 15.
850 361 923 421 licet
944 382 1032 424 resera

107 447 211 506 festum
235 449 371 527 inciperet
403 445 470 505 lunt
500 445 546 506 14.
573 445 610 504 ed
637 464 801 524 veepemru:
834 448 911 504 sicut
936 464 988 502 nos
1009 448 1031 503 in

107 546 223 607 vespere
250 527 368 588 Sebbeti
381 529 471 586 sancti
495 527 590 585 dicere
613 526 752 585 solemus:
784 547 846 587 cres
873 535 918 583 est
938 524 1031 586 fertum

108 609 245 703 l‘eschae3
267 609 337 669 licet
359 608 421 688 jum
436 608 570 667 celebrari
582 611 700 687 coeperit
726 609 757 665 in
783 607 882 668 officio
896 607 1030 666 ecclesius·

102 698 247 830 polluros
259 770 432 850 objectiones
446 771 509 831 vide
520 769 599 849 epud
613 769 769 830 Anthoros.

107 1017 146 1076 n.
179 1015 209 1074 s.
245 1015 305 1075 ΑΝ
342 972 554 1076 centenus
580 978 947 1076 consscsrvnsir
969 1014 1019 1073 rr

114 1122 117 1135 ι
421 1096 536 1156 erun
558 1095 731 1155 Azrrror

104 1296 129 1358 l.
156 1298 293 1358 Christus
306 1301 488 1358 consecravit
501 1298 531 1357 in
540 1318 622 1376 panc
636 1298 760 1374 Ammo·

141 1500 352 1560 Rusrousronr
365 1500 421 1559 duo
431 1502 581 1579 presertim
594 1509 659 1558 sunt
673 1499 869 1586 prenetende:

146 1586 185 1639 1⁰·
216 1580 302 1651 Quod
331 1583 427 1656 Aenus
450 1581 593 1641 Peschelis
619 1581 735 1640 deberet
766 1582 880 1641 comedi
896 1601 958 1643 cum
977 1604 1013 1664 pe
1044 1615 1065 1684 ἰ

103 1662 185 1721 nibus
207 1664 328 1742 azymis.
349 1661 392 1721 2⁰.
413 1661 503 1730 Quod
525 1665 676 1741 evesperrn
697 1666 727 1720 in
756 1683 812 1742 que
838 1669 935 1742 Agnus
960 1665 1014 1724 Pes
1064 1703 1065 1706 =

103 1742 194 1802 chelis
209 1742 400 1801 comedendus
414 1751 483 1814 eret,
505 1745 657 1822 inciperent
669 1753 776 1823 septem
787 1745 846 1803 dies
856 1765 1014 1823 azymorum,
1056 1771 1065 1778 ·

101 1823 203 1902 quibus
217 1823 380 1883 durantibus
396 1843 447 1881 nec
472 1826 626 1894 comedere,
648 1827 752 1883 necin
779 1826 915 1884 universis
936 1831 1014 1887 terrei-
1051 1799 1065 1905 1

102 1907 145 1963 nis
161 1905 246 1963 lsrael
260 1904 363 1963 hebere
376 1905 479 1964 licebat
491 1924 579 1982 penes
603 1907 656 1964 nisi
668 1925 796 1984 azymos.
840 1905 918 1966 Vide
933 1908 1016 1968 Exodi

101 2004 166 2063 cep.
191 1984 237 2043 1⁶2.
253 1995 283 2044 et
298 1987 384 2043 Dent.
405 2005 468 2062 cap.
486 1985 534 2044 16.

139 2067 164 2125 1.
186 2067 234 2124 Ex
257 2068 299 2126 his
320 2066 417 2125 contre
431 2067 545 2124 Grecos
565 2065 766 2135 concludimus,
789 2066 936 2128 Christum
957 2090 1013 2130 con·
1062 2041 1065 2118 t

97 2149 258 2206 secra-essin
281 2167 356 2227 pene
380 2165 504 2226 azymo:
527 2155 559 2204 ut
586 2150 661 2206 enim
678 2149 774 2207 Num.
807 2168 889 2226 pree.
918 2151 1014 2210 dictum

97 2240 149 2301 est,
175 2228 304 2288 Christus
337 2229 451 2306 Agrium
489 2227 654 2287 Peschelem
682 2229 805 2288 comedit
830 2232 943 2309 vespert
973 2251 1015 2311 per

98 2307 203 2387 Legem
227 2311 397 2386 prescripti,
428 2317 457 2366 et
477 2309 607 2387 deinceps
618 2309 720 2368 eidem
733 2307 859 2388 Vespert
874 2311 1014 2372 Eucheris·

99 2390 168 2447 tium
183 2392 323 2461 instituit3
353 2389 404 2448 sed
418 2389 466 2449 illo
480 2399 607 2467 ternpore
633 2390 804 2468 prohibitum
831 2402 892 2451 eret
920 2393 1014 2455 hebere

95 2486 199 2547 panem
225 2469 445 2539 fermentatum
472 2489 539 2547 ergo
569 2473 736 2529 consecravit
755 2475 783 2529 iu
805 2491 879 2549 pane
902 2493 1013 2552 ezymm

96 2549 173 2608 unde
186 2553 262 2609 canit
276 2551 408 2610 Ecclesia
421 2552 448 2609 in
463 2549 574 2630 hymno
596 2550 632 2607 de
654 2551 834 2612 Venerabili:
861 2551 1015 2615 Observata

100 2629 182 2706 Lege
190 2630 279 2708 plene
294 2632 369 2690 eibr'u
384 2635 415 2690 r'n
429 2630 585 2709 legalibus,
608 2629 662 2690 dcc.

137 2713 240 2771 Praeter
253 2714 341 2772 verius
364 2714 589 2772 circumstantias
610 2714 792 2772 institutionis
815 2713 900 2793 hujus
922 2716 1014 2775 Socru-
1064 2719 1065 2724 ’

95 2795 182 2852 menti
191 2794 273 2872 juvet
286 2802 390 2865 notare,
411 2794 486 2872 quod
501 2793 631 2852 Christus
645 2794 736 2872 pridie
761 2798 856 2854 mortis
870 2815 930 2855 snae
954 2797 1014 2855 veri

94 2873 211 2932 similius
224 2874 363 2953 triplicem
384 2874 503 2934 Coenum
516 2873 646 2934 hebuerit
672 2895 737 2934 curn
766 2876 921 2955 Discipulis
947 2881 1013 2936 suis:

98 2952 137 3012 1⁰.
173 2952 309 3034 legalem,
338 2958 368 3014 in
392 2976 449 3035 que
475 2955 599 3014 comedit
622 2955 736 3034 Agrium
761 2956 928 3018 Peschelem
955 2975 1014 3018 cum

93 3034 191 3098 ritibus
204 3037 371 3115 prescriptis
385 3035 491 3095 Exodi.
502 3057 564 3115 cep.
582 3035 628 3094 12.

133 3115 177 3172 2⁰·
202 3115 367 3194 Vulgarem
381 3137 429 3176 seu
456 3116 594 3191 usualem,
622 3137 684 3196 quae
697 3119 823 3178 innuitur
837 3119 945 3180 Mutth.
956 3140 1012 3200 cep.
1051 3162 1052 3167 κ

92 3192 143 3253 26.
157 3217 183 3255 v.
210 3197 259 3254 20.
287 3205 316 3257 et
337 3198 386 3256 26.
431 3197 470 3257 m
496 3208 559 3276 post
582 3199 655 3258 benc
682 3198 790 3259 videtur
814 3199 913 3260 lavisse
934 3201 1012 3281 pedes
1050 3209 1054 3251 ἱ

94 3273 313 3358 Discipulorum,
333 3279 455 3337 Joennis
469 3298 532 3357 eep.
556 3278 601 3337 13.
1048 3295 1052 3308 ¹

110 3357 175 3413 v3⁰·
205 3357 450 3420 Sacramentalem
472 3380 524 3418 seu
552 3360 805 3432 Euctaruteam,
829 3364 871 3421 ite
898 3372 930 3422 ut
954 3372 1011 3444 post

89 3435 224 3509 lotionem
239 3441 343 3522 pedum
356 3443 458 3506 iterum
472 3440 635 3503 recumbens
651 3442 696 3522 (ut
708 3443 810 3505 dicitur
821 3444 842 3503 J
844 3446 943 3506 cannis
955 3464 1008 3525 cup.
