2130 3990
308 177 351 221 ou
372 174 594 223 ancuaaranra.
874 156 939 219 286

48 345 64 383 n
93 332 191 385 autam
219 322 349 384 invisibili
374 341 424 383 aeu
451 321 665 394 sacramentali,
687 338 772 402 quam
798 318 886 381 habat
911 322 941 381 in
983 308 986 317 '

48 405 199 465 roharistia.
755 458 759 465 .

48 489 79 546 A
92 489 199 546 rationo
212 485 349 564 objiciunt
372 483 521 559 Haretioi,
541 484 618 564 quaid
638 493 763 544 nostrum
779 484 894 562 Dogana
906 487 943 543 sit

48 618 50 627 .
78 567 257 648 impossibilia
283 574 314 626 st
339 565 503 625 involventis
530 567 743 647 implicantiam‚
772 568 841 644 puta
867 565 941 643 quud

48 651 144 709 rriatus
166 651 204 707 sit
229 647 353 727 Corpora
372 665 493 726 presens
519 649 550 706 in
564 647 690 727 pluribus
710 646 777 707 locis
790 645 844 703 aub
858 666 944 725 parva

48 733 129 790 ostia.

52 813 80 872 1.
102 812 139 870 R.
166 810 272 869 Praeter
293 809 457 868 solutionem
482 809 615 868 similium
638 810 667 867 in
681 806 845 887 particulari
859 804 942 886 (quas

48 892 75 951 lo
99 892 176 971 apud
191 891 356 968 Tournelbr,
378 887 449 968 tra.)
471 890 638 967 generaliter
652 888 839 968 respondetur.
861 891 942 949 oorri-

48 973 136 1033 ndum
150 993 211 1031 asae
225 972 432 1030 Hareticorum
453 972 658 1050 praejudicium,
671 968 855 1039 ostendendo,
875 989 942 1048 eal>

48 1055 158 1114 ’andum
185 1073 244 1111 essa
271 1051 444 1112 intellectum
467 1055 496 1110 in
520 1053 687 1131 obsequium
709 1050 794 1111 fidoi:
816 1070 865 1129 pro
888 1070 944 1129 quo

48 1136 151 1195 tabunt
163 1137 317 1213 sequentia.

56 1221 92 1275 1⁰·
110 1215 285 1281 Meminisoi,
306 1232 367 1272 essa
391 1213 564 1293 Mysterium
587 1212 664 1288 fidei,
682 1209 812 1273 attidem
827 1231 887 1271 assa
900 1231 942 1273 ar·

48 1307 178 1357 ruentum
193 1316 284 1355 rorum
298 1316 352 1353 non
368 1297 572 1374 apparentium.

55 1383 96 1438 2⁰·
112 1378 243 1456 Allegare
267 1377 323 1436 alia
348 1375 488 1454 Mysteria
515 1376 617 1435 rationi
640 1374 782 1454 impervia,
803 1379 835 1435 ut
855 1373 943 1435 Sauo-

48 1463 127 1519 rima
138 1459 282 1517 Trinitatis
294 1467 324 1515 st
331 1456 548 1516 lucarnationis.

55 1540 97 1601 3⁰·
115 1539 314 1616 Argumentari
327 1539 345 1597 ai
359 1539 457 1597 minori
471 1538 507 1597 sd
521 1537 611 1616 majus
631 1535 688 1595 hoo
701 1535 804 1597 morlo:
825 1537 944 1615 plurima

48 1630 80 1681 nt
92 1624 119 1681 io
129 1622 214 1678 rebus
224 1618 395 1678 naturalibus
405 1620 496 1697 potius
507 1617 739 1695 mirabilisqudm
749 1617 944 1697 explicabilia:

48 1723 81 1782 go
94 1704 113 1759 ai
125 1701 232 1760 fortiori
245 1701 274 1759 in
289 1701 434 1778 Mystoriis
445 1701 521 1758 fidoi.

55 1788 100 1842 4⁰·
126 1781 258 1860 Allagara
284 1780 413 1859 quadam
439 1781 558 1840 similia:
590 1799 614 1836 v.
627 1797 655 1856 g.
674 1776 762 1856 juxta
783 1777 945 1858 Theologoa

48 1868 112 1923 rima
133 1872 176 1920 est
188 1873 247 1920 tota
260 1863 287 1920 iu
303 1871 362 1920 toto
377 1881 501 1940 corpora,
520 1869 549 1919 ot
569 1870 628 1919 tota
641 1864 670 1919 in
681 1861 795 1938 singulis
810 1861 943 1939 partibua

48 1946 146 2005 hristus
159 1965 195 2002 ex
208 1943 353 2022 sepulchro
375 1951 403 2000 et
416 1953 495 2002 utero
510 1943 609 2000 clausis
620 1961 742 2019 egressus
754 1951 808 2007 est,
828 1945 947 2000 mutarit

48 2046 118 2104 ruam
146 2028 174 2084 in
198 2026 303 2093 vinum,
326 2021 381 2081 &a
407 2043 467 2101 quae
492 2023 561 2082 fides
575 2023 665 2094 docet,
686 2031 715 2082 et
739 2025 810 2081 ratio
824 2043 880 2082 non
895 2043 945 2082 ex-

48 2112 112 2167 inat.

53 2189 100 2246 5⁰·
123 2187 284 2264 proponere
297 2184 372 2262 quud
387 2184 522 2243 Ecclesia
541 2186 638 2245 Patres
659 2202 771 2264 semper
783 2185 946 2261 agnoverint

59 2267 243 2327 Eucharistia
254 2265 392 2345 stupenda
407 2266 549 2325 Miraoula
561 2275 591 2324 et
603 2266 745 2344 Mysteria
757 2265 944 2325 inscrutabilis

48 2351 153 2409 ritatis:
176 2367 208 2406 ac
220 2346 338 2426 proinde
350 2366 389 2405 ox
403 2347 544 2425 ejusmodi
564 2349 737 2425 argumentis
751 2346 944 2405 hereticorum

48 2451 70 2489 n
99 2429 266 2500 infirmatur,
287 2428 336 2487 sed
359 2429 377 2487 ὸ
400 2437 495 2487 contra
514 2427 656 2487 stabilitur
678 2430 777 2487 raritas
797 2427 945 2504 Dogmatis

48 2511 165 2570 atholici.

107 2640 149 2701 N.
160 2641 210 2698 25.
232 2638 291 2699 DE
313 2636 852 2700 TRANSUBSTAN'I'IATIONE.

224 2771 255 2831 δ’.
272 2773 371 2832 Thoar.
388 2781 482 2851 quast.
496 2774 547 2834 75.
561 2778 616 2829 art.
629 2770 659 2838 2,
679 2774 732 2845 dn.

59 2925 358 2985 lioaaaabataatr'atr‘o.
399 2927 440 2984 ll.
459 2924 569 2985 Contra
586 2925 754 2984 lutherum.
797 2924 944 2985 Probatur

54 3028 93 3066 aa
115 3010 275 3067 traditione.
318 3007 376 3065 111.
405 3007 446 3067 Et
472 3028 510 3065 eo
534 3008 625 3066 sarbia
639 3006 846 3066 institutionis.
887 3007 941 3065 lit

54 3088 155 3147 Panr'a
182 3108 239 3147 aaa
264 3088 445 3157 nuntiatur,
466 3090 517 3147 aed
534 3093 722 3146 conuertitur.
766 3087 803 3145 V.
830 3089 943 3164 Corpus

58 3171 169 3229 Christi
178 3173 227 3227 lta
238 3189 294 3228 aaa
306 3177 424 3227 creatur
432 3190 485 3228 aec
495 3171 656 3238 adducitur,
666 3171 720 3227 aad
731 3170 942 3246 reprodueitar.

54 3250 112 3308 Vl.
131 3250 415 3309 Traaaubataaaaaa
427 3249 461 3317 fit
475 3253 504 3307 irr
517 3254 651 3309 instanti.

55 3412 81 3471 Ι.
96 3382 430 3471 '1³aaaaansrrarrrrro
453 3412 683 3485 (doesntscoao.
697 3412 864 3472 Tridentino
875 3432 944 3472 sess.

48 3494 63 3552 l.
83 3514 149 3552 ean.
163 3493 210 3569 2.)
234 3504 275 3554 est
288 3493 422 3552 mirabilis
436 3493 486 3552 illa
500 3507 528 3553 et
539 3495 686 3570 singularis
706 3497 848 3552 oonrarmo
861 3495 948 3553 totius
980 3496 989 3537 i

50 3574 182 3633 bstantiae
209 3576 294 3633 Panis
317 3578 347 3633 in
362 3573 479 3652 Corpus,
496 3584 527 3633 at
544 3579 631 3633 totius
659 3574 954 3636 suberanus-uinaria

48 3659 190 3797 ugguiuem
205 3657 318 3728 Christi,
341 3655 515 3716 manentibus
529 3654 679 3715 dumtaxat
692 3656 838 3735 speciebus
859 3656 954 3717 Pania

89 3757 138 3796 uu.
