2130 3990
107 215 147 275 64
401 248 426 255 ··
482 226 658 273 emortuus
1051 29 1061 339 l

149 373 243 448 Nona,
264 371 492 433 recumbentibus
519 373 652 435 undecim
678 375 708 434 in
735 370 819 433 domo
832 371 1019 454 ierosolymae,
1059 370 1061 435 ζ

93 454 279 534 'Murci-nep.
297 453 343 512 16.
353 474 379 525 γ.
397 456 459 519 14..
698 520 701 525 ,

151 536 191 595 ht
204 535 322 604 decime,
344 535 405 614 ipsd
420 535 468 595 die
478 535 657 597 Ascensionis
669 536 699 595 in
710 540 804 597 monte
812 533 929 607 oliveti,
944 534 1021 596 Luce

109 637 170 697 csp.
185 619 233 677 24.
249 638 274 675 v.
287 616 337 675 51.
352 624 382 677 et
394 616 489 679 Actor.
506 621 531 676 l.

149 698 180 755 S.
209 697 359 776 Gregorius
385 718 490 759 nonem
519 701 550 756 et
574 696 713 756 decimam
739 695 890 776 conjungit
899 701 1024 775 te'nqrem

107 797 195 842 unam
206 781 408 848 continuatam,
419 782 460 838 ite
470 787 503 840 ut
516 776 644 837 Christus
657 777 821 838 immediate
834 798 872 838 ex
887 777 938 837 ille
951 779 1025 839 domo

107 862 222 919 exiverit
242 879 306 918 cum
322 861 474 943 Discipulis
486 862 516 921 in
529 867 660 951 montom·
670 857 787 927 Olivcti,
807 861 837 920 in
861 857 975 920 Coelum
988 879 1025 918 es·

107 961 248 1000 cessurus.

149 1020 196 1080 An
211 1027 312 1101 practer
333 1020 384 1080 hes
400 1022 436 1082 eh
461 1021 645 1105 Evangelistie
657 1023 804 1082 recensitas
814 1020 973 1082 referuntur
985 1020 1028 1081 ed·
1056 1024 1061 1097 j

106 1102 166 1160 huc
178 1103 241 1162 atiae
255 1105 299 1181 Ap
320 1105 449 1163 ositiones
464 1102 589 1164 Christi?
1055 1124 1059 1129 ·

87 1182 90 1189 ’
149 1182 190 1241 11.
204 1184 256 1242 ·R.
271 1183 299 1241 A
375 1185 469 1244 atiud:
492 1184 571 1243 Nom
588 1181 654 1242 l'ed
676 1182 741 1243 Cor.
759 1183 806 1242 15.
828 1203 855 1242 ν.
870 1186 899 1242 6.
914 1181 1027 1241 dicitur:

108 1268 127 1295 “
141 1264 228 1324 Visus
241 1274 283 1324 est
295 1264 356 1344 plus
370 1267 456 1341 quim
476 1265 630 1342 quingentis
642 1263 807 1335 fratribus;'¹
828 1264 884 1323 nisi
903 1262 978 1324 forte
998 1265 1028 1324 sit

106 1343 208 1404 eedem
222 1365 287 1405 cum
301 1366 359 1404 une
372 1347 614 1426 exsuperioribus,
634 1344 684 1405 scd
697 1346 729 1405 S.
744 1345 872 1405 Thomas
886 1342 1025 1405 illam-dis·
1045 1384 1049 1413 .-

106 1429 215 1504 tingnit.
313 1448 325 1469 κ
857 1476 859 1480 .

83 1534 86 1539 ·
147 1509 326 1585 Prosequitur
348 1506 501 1588 Apostolus
525 1529 554 1567 v,
578 1508 608 1568 7.
632 1513 651 1540 ‘⁴
665 1507 752 1567 Visus
766 1513 809 1565 est
832 1505 983 1578 decoho;''
1002 1515 1024 1566 st

107 1587 189 1728 adldit
203 1590 320 1649 “Visus
346 1598 389 1649 cst
411 1596 440 1652 et
462 1588 561 1669 mihi,'’
582 1609 646 1673 quae
672 1607 731 1648 non
745 1586 874 1666 leguntur
898 1589 927 1646 in
942 1588 1023 1647 Even-

108 1688 188 1728 oero.
911 1716 915 1727 .
974 1694 982 1709 ·

106 1715 125 1747 Β
149 1750 206 1809 ΙΙΙ.
232 1753 361 1830 Denique
383 1742 453 1812 ⁴edm
477 1751 572 1810 Actor.
589 1755 614 1809 l.
626 1750 744 1829 legetur,
764 1747 849 1830 quod*
863 1746 1023 1829 perendie

107 1837 268 1909 apparuerit
294 1833 446 1912 discipulis,
469 1833 587 1913 loquens
601 1831 636 1892 de
652 1834 754 1911 Regno
779 1832 847 1904 Dei,
869 1832 1023 1902 insinuatur,

84 1931 87 1937 ¹
107 1911 182 1988 quod
207 1912 334 1973 Christus
348 1913 446 1972 orebrd
466 1922 642 1981 conversatus
654 1915 692 1974 sit
715 1930 780 1972 cum
800 1911 849 1985 eis,
869 1909 973 1971 docens
985 1908 1043 1970 eos'

107 1995 237 2051 meterius
249 2004 279 2071 et
301 1994 404 2053 formes
427 1995 682 2068 sacramentorum,
703 1991 757 2055 &o
771 1994 867 2057 omnic
888 1993 964 2051 euim
977 2010 1024 2051 non

22 2080 26 2087 '
106 2076 294 2154 suntscripto,
314 2074 797 2161 utdiciturdoan.cep.2l.v.25.
1042 2090 1061 2133 ε

85 2176 89 2185 ·
149 2153 197 2214 An
207 2154 333 2228 Christus
343 2176 399 2216 non
412 2157 542 2238 apperuit
550 2157 639 2217 Matri
650 2156 732 2217 susci
1042 2174 1061 2215 Ι

163 2234 216 2294 IV.
245 2236 284 2296 R.
317 2238 511 2305 ¹communiter
548 2256 613 2296 cum
654 2238 685 2296 S.
723 2236 872 2296 Ambrosio
909 2232 1061 2299 affirma-e

108 2317 172 2390 tire,
193 2316 277 2397 idque
290 2321 377 2396 primo
391 2319 437 2378 die
453 2314 687 2378 Resurrectionis:
708 2320 749 2378 sio
761 2319 837 2377 enim
850 2318 891 2375 eit
902 2317 933 2375 S.
950 2315 1028 2375 Pater

107 2397 155 2458 lib.
170 2398 200 2456 3.
212 2401 248 2457 de
264 2398 443 2476 Virginibus
474 2403 494 2434 “
507 2398 589 2461 Vidit
602 2419 667 2476 ergo
681 2400 777 2458 Meris
791 2399 1027 2457 Resurrectionem

109 2485 128 2510 ‘⁴
146 2479 273 2552 Domini,
303 2489 332 2539 et
358 2482 447 2560 prime
473 2480 546 2549 vidit,
576 2487 606 2550 et
631 2479 750 2555 credidit
759 2476 785 2538 θ’
806 2478 891 2557 idque
916 2477 1029 2538 effectus

109 2557 213 2618 Christi
227 2565 254 2620 in
270 2561 393 2621 Matrem
408 2561 613 2622 dilectissimam
627 2561 744 2622 suadere
756 2559 871 2619 videtur.

150 2640 220 2718 Obj.
250 2639 343 2702 Marc.
372 2663 435 2723 cep.
461 2638 506 2706 16.
521 2665 546 2702 v.
568 2646 595 2704 9.
621 2645 735 2719 dicitur:
757 2645 777 2677 “
791 2639 930 2723 Apparuit
942 2639 1030 2719 primd

107 2720 212 2797 Marino
230 2722 409 2803 Megdelenae
422 2722 448 2783 :'’
469 2744 534 2803 ergo
547 2744 602 2783 non
617 2726 703 2784 Matri
715 2743 787 2786 susc.

149 2803 186 2862 R.
202 2804 285 2883 Nego
313 2802 423 2884 conseq.¹
449 2805 529 2865 Nem
552 2804 667 2865 Marcus
692 2806 771 2884 loqui
798 2801 904 2863 videtur
923 2799 1054 2867 deistis·

106 2887 240 2960 personis
261 2906 325 2965 quse
339 2894 422 2946 testes
438 2895 468 2947 et
480 2888 570 2946 nuntii
584 2905 645 2945 esse
656 2884 789 2944 deberent
810 2882 1033 2943 Resurrectionis
1051 2878 1061 2889 “

108 2963 221 3041 Christi,
240 2968 282 3027 vel
305 2988 367 3048 quse
383 2966 463 3028 dees
474 2965 797 3028 dubitentesconfirmeri
810 2964 944 3024 deberent
953 2986 961 3035 ;
983 2963 1033 3022 ille

106 3055 202 3104 sertem
216 3048 310 3106 locum
324 3068 381 3108 non
394 3047 502 3108 hahent
513 3051 542 3107 in
558 3048 633 3108 Diva
645 3046 769 3125 Virgine.

148 3127 178 3187 S.
193 3128 321 3187 Thomas
335 3130 413 3209 plura
435 3130 492 3188 elid
505 3129 553 3188 hic
578 3129 694 3208 inquirit
707 3127 742 3186 de
758 3120 864 3186 Christi
877 3124 1032 3185 Resurrec·
1052 3120 1061 3157 ¹

107 3210 193 3283 tione,
214 3207 386 3269 Ascensione
412 3218 442 3271 ct
460 3204 613 3289 judiciariis
625 3212 781 3289 polostet0;
804 3206 852 3266 sed
866 3206 916 3267 ille
929 3207 1034 3288 purtim
1056 3200 1061 3219 ⁴

87 3310 89 3317 ·
106 3287 244 3350 habentur
257 3292 286 3350 in
300 3292 478 3370 expositione
500 3289 634 3373 Symboli
655 3289 862 3371 Apostolorum,
884 3295 914 3346 ot
927 3289 1033 3366 pertint

105 3372 137 3431 ὑπ
157 3369 298 3432 Troct.dc
311 3372 338 3431 4.
355 3372 475 3437 Nooc'st·
521 3392 524 3403 ·
685 3374 692 3382 ”

148 3654 260 3729 eruis
281 3655 540 3745 iuremus
563 3653 622 3751 on
643 3649 992 3752 recesserimus.
