<?xml version="1.0" encoding="UTF-8"?>
<!DOCTYPE html PUBLIC "-//W3C//DTD XHTML 1.0 Transitional//EN"
    "http://www.w3.org/TR/xhtml1/DTD/xhtml1-transitional.dtd">
<html xmlns="http://www.w3.org/1999/xhtml" xml:lang="en" lang="en">
 <head>
  <title>
</title>
<meta http-equiv="Content-Type" content="text/html;charset=utf-8" />
  <meta name='ocr-system' content='tesseract 3.04.00' />
  <meta name='ocr-capabilities' content='ocr_page ocr_carea ocr_par ocr_line ocrx_word'/>
</head>
<body>
  <div class='ocr_page' id='page_1' title='image "./theologiamorali02densgoog_0159.png"; bbox 0 0 2130 3990; ppageno 0'>
   <div class='ocr_carea' id='block_1_1' title="bbox 106 122 651 229">
    <p class='ocr_par' dir='ltr' id='par_1_1' title="bbox 106 122 651 229">
     <span class='ocr_line' id='line_1_1' title="bbox 106 122 651 229; baseline 0.004 -4"><span class='ocrx_word' id='word_1_1' title='bbox 106 166 163 227; x_wconf 84' lang='grc'>148</span> <span class='ocrx_word' id='word_1_2' title='bbox 474 122 651 229; x_wconf 77' lang='lat' dir='ltr'>reserares</span> 
     </span>
    </p>
   </div>
   <div class='ocr_carea' id='block_1_2' title="bbox 37 325 1065 1137">
    <p class='ocr_par' dir='ltr' id='par_1_2' title="bbox 37 325 1065 1137">
     <span class='ocr_line' id='line_1_2' title="bbox 102 325 1029 407; baseline 0.002 -18"><span class='ocrx_word' id='word_1_3' title='bbox 102 330 298 407; x_wconf 68' lang='lat' dir='ltr'>*Baptizatur</span> <span class='ocrx_word' id='word_1_4' title='bbox 306 325 485 388; x_wconf 79' lang='lat' dir='ltr'>tulissemus</span> <span class='ocrx_word' id='word_1_5' title='bbox 497 328 651 388; x_wconf 69' lang='lat' dir='ltr'>christiin</span> <span class='ocrx_word' id='word_1_6' title='bbox 662 329 791 390; x_wconf 81' lang='lat' dir='ltr'><em>Nomine</em></span> <span class='ocrx_word' id='word_1_7' title='bbox 801 329 1029 405; x_wconf 52' lang='lat' dir='ltr'>Patraeettilit,</span> 
     </span>
     <span class='ocr_line' id='line_1_3' title="bbox 105 408 1028 488; baseline 0.004 -19"><span class='ocrx_word' id='word_1_8' title='bbox 105 420 134 470; x_wconf 84' lang='lat' dir='ltr'>et</span> <span class='ocrx_word' id='word_1_9' title='bbox 155 409 290 487; x_wconf 74' lang='lat' dir='ltr'>Spr&#39;rr&#39;tris</span> <span class='ocrx_word' id='word_1_10' title='bbox 312 410 428 481; x_wconf 77' lang='lat' dir='ltr'>Sancti,</span> <span class='ocrx_word' id='word_1_11' title='bbox 449 408 494 467; x_wconf 90' lang='lat' dir='ltr'>vel</span> <span class='ocrx_word' id='word_1_12' title='bbox 518 408 696 486; x_wconf 73' lang='lat' dir='ltr'><em>Baptizatur</em></span> <span class='ocrx_word' id='word_1_13' title='bbox 714 412 850 471; x_wconf 78' lang='lat' dir='ltr'>manibus</span> <span class='ocrx_word' id='word_1_14' title='bbox 863 416 938 472; x_wconf 69' lang='lat' dir='ltr'>meet</span> <span class='ocrx_word' id='word_1_15' title='bbox 950 411 1028 488; x_wconf 78' lang='lat' dir='ltr'>tutia,</span> 
     </span>
     <span class='ocr_line' id='line_1_4' title="bbox 101 488 1028 575; baseline 0.004 -25"><span class='ocrx_word' id='word_1_16' title='bbox 101 495 133 551; x_wconf 79' lang='lat' dir='ltr'>in</span> <span class='ocrx_word' id='word_1_17' title='bbox 145 490 272 551; x_wconf 80' lang='lat' dir='ltr'><em>Nomine</em></span> <span class='ocrx_word' id='word_1_18' title='bbox 283 491 398 564; x_wconf 66' lang='lat' dir='ltr'>Patres,</span> <span class='ocrx_word' id='word_1_19' title='bbox 413 498 442 549; x_wconf 86' lang='lat' dir='ltr'>ct</span> <span class='ocrx_word' id='word_1_20' title='bbox 456 488 538 562; x_wconf 80' lang='lat' dir='ltr'><em>Filii,</em></span> <span class='ocrx_word' id='word_1_21' title='bbox 549 496 578 549; x_wconf 85' lang='lat' dir='ltr'>et</span> <span class='ocrx_word' id='word_1_22' title='bbox 588 489 721 567; x_wconf 79' lang='lat' dir='ltr'>Spiritels</span> <span class='ocrx_word' id='word_1_23' title='bbox 735 492 851 564; x_wconf 77' lang='lat' dir='ltr'><em>Sancti,</em></span> <span class='ocrx_word' id='word_1_24' title='bbox 861 513 956 553; x_wconf 87' lang='lat' dir='ltr'>verum</span> <span class='ocrx_word' id='word_1_25' title='bbox 970 514 1028 575; x_wconf 86' lang='lat' dir='ltr'>per·</span> 
     </span>
     <span class='ocr_line' id='line_1_5' title="bbox 37 572 1065 659; baseline 0.005 -29"><span class='ocrx_word' id='word_1_26' title='bbox 37 628 43 640; x_wconf 83' lang='grc'><strong><em>,</em></strong></span> <span class='ocrx_word' id='word_1_27' title='bbox 98 572 209 631; x_wconf 82' lang='lat' dir='ltr'>finiatur</span> <span class='ocrx_word' id='word_1_28' title='bbox 222 573 383 652; x_wconf 88' lang='lat' dir='ltr'>Baptisma:</span> <span class='ocrx_word' id='word_1_29' title='bbox 404 573 536 651; x_wconf 90' lang='lat' dir='ltr'>quoniam</span> <span class='ocrx_word' id='word_1_30' title='bbox 551 577 616 629; x_wconf 76' lang='lat' dir='ltr'>cum</span> <span class='ocrx_word' id='word_1_31' title='bbox 630 574 719 652; x_wconf 82' lang='lat' dir='ltr'>princi</span> <span class='ocrx_word' id='word_1_32' title='bbox 739 573 790 632; x_wconf 89' lang='lat' dir='ltr'>elis</span> <span class='ocrx_word' id='word_1_33' title='bbox 804 595 899 649; x_wconf 85' lang='lat' dir='ltr'>cause,</span> <span class='ocrx_word' id='word_1_34' title='bbox 923 593 962 634; x_wconf 84' lang='lat' dir='ltr'>ax</span> <span class='ocrx_word' id='word_1_35' title='bbox 975 577 1027 653; x_wconf 76' lang='lat' dir='ltr'>qut</span> <span class='ocrx_word' id='word_1_36' title='bbox 1060 617 1065 659; x_wconf 79' lang='lat' dir='ltr'>t</span> 
     </span>
     <span class='ocr_line' id='line_1_6' title="bbox 102 593 1065 737; baseline 0.003 -25"><span class='ocrx_word' id='word_1_37' title='bbox 102 653 261 732; x_wconf 78' lang='lat' dir='ltr'><strong>Baptismus</strong></span> <span class='ocrx_word' id='word_1_38' title='bbox 274 655 403 712; x_wconf 88' lang='lat' dir='ltr'>virtutem</span> <span class='ocrx_word' id='word_1_39' title='bbox 428 650 522 719; x_wconf 86' lang='lat' dir='ltr'>habet,</span> <span class='ocrx_word' id='word_1_40' title='bbox 544 652 580 710; x_wconf 92' lang='lat' dir='ltr'>sit</span> <span class='ocrx_word' id='word_1_41' title='bbox 594 650 699 711; x_wconf 84' lang='lat' dir='ltr'>Sancta</span> <span class='ocrx_word' id='word_1_42' title='bbox 711 593 843 723; x_wconf 69' lang='lat' dir='ltr'>lenitas,</span> <span class='ocrx_word' id='word_1_43' title='bbox 864 656 1025 716; x_wconf 85' lang='lat' dir='ltr'>instmmen·</span> <span class='ocrx_word' id='word_1_44' title='bbox 1054 664 1065 737; x_wconf 65' lang='lat' dir='ltr'>l</span> 
     </span>
     <span class='ocr_line' id='line_1_7' title="bbox 100 733 1024 817; baseline 0.004 -24"><span class='ocrx_word' id='word_1_45' title='bbox 100 735 168 794; x_wconf 86' lang='lat' dir='ltr'>telis</span> <span class='ocrx_word' id='word_1_46' title='bbox 179 744 275 793; x_wconf 90' lang='lat' dir='ltr'>autem</span> <span class='ocrx_word' id='word_1_47' title='bbox 289 737 327 793; x_wconf 92' lang='lat' dir='ltr'>sit</span> <span class='ocrx_word' id='word_1_48' title='bbox 340 733 483 805; x_wconf 79' lang='lat' dir='ltr'>Minister,</span> <span class='ocrx_word' id='word_1_49' title='bbox 502 734 526 789; x_wconf 91' lang='lat' dir='ltr'>si</span> <span class='ocrx_word' id='word_1_50' title='bbox 539 737 705 811; x_wconf 87' lang='lat' dir='ltr'>exprimitur</span> <span class='ocrx_word' id='word_1_51' title='bbox 712 744 800 804; x_wconf 86' lang='lat' dir='ltr'>ectus,</span> <span class='ocrx_word' id='word_1_52' title='bbox 816 738 866 816; x_wconf 88' lang='lat' dir='ltr'>qui</span> <span class='ocrx_word' id='word_1_53' title='bbox 879 738 1024 817; x_wconf 85' lang='lat' dir='ltr'>peripsum</span> 
     </span>
     <span class='ocr_line' id='line_1_8' title="bbox 100 814 1022 886; baseline 0.001 -12"><span class='ocrx_word' id='word_1_54' title='bbox 100 827 247 875; x_wconf 84' lang='lat' dir='ltr'>exercetur</span> <span class='ocrx_word' id='word_1_55' title='bbox 271 815 445 885; x_wconf 85' lang='lat' dir='ltr'>Ministrum‚</span> <span class='ocrx_word' id='word_1_56' title='bbox 468 832 533 872; x_wconf 91' lang='lat' dir='ltr'>cum</span> <span class='ocrx_word' id='word_1_57' title='bbox 548 814 663 872; x_wconf 82' lang='lat' dir='ltr'>Sanctae</span> <span class='ocrx_word' id='word_1_58' title='bbox 679 814 828 875; x_wconf 76' lang='lat' dir='ltr'>Trinitatis</span> <span class='ocrx_word' id='word_1_59' title='bbox 842 819 1022 886; x_wconf 85' lang='lat' dir='ltr'>invocatione,</span> 
     </span>
     <span class='ocr_line' id='line_1_9' title="bbox 99 893 1046 974; baseline 0.004 -19"><span class='ocrx_word' id='word_1_60' title='bbox 99 897 245 973; x_wconf 83' lang='lat' dir='ltr'>perficitur</span> <span class='ocrx_word' id='word_1_61' title='bbox 267 899 491 955; x_wconf 79' lang='lat' dir='ltr'>Sacramentum.</span> <span class='ocrx_word' id='word_1_62' title='bbox 535 893 666 954; x_wconf 79' lang='lat' dir='ltr'>Minister</span> <span class='ocrx_word' id='word_1_63' title='bbox 686 895 770 974; x_wconf 89' lang='lat' dir='ltr'>hujus</span> <span class='ocrx_word' id='word_1_64' title='bbox 793 898 970 959; x_wconf 87' lang='lat' dir='ltr'>Secremeuti</span> <span class='ocrx_word' id='word_1_65' title='bbox 987 907 1046 971; x_wconf 85' lang='lat' dir='ltr'>est¹</span> 
     </span>
     <span class='ocr_line' id='line_1_10' title="bbox 99 974 1051 1055; baseline 0.003 -18"><span class='ocrx_word' id='word_1_66' title='bbox 99 977 247 1046; x_wconf 76' lang='lat' dir='ltr'>Sacerdos,</span> <span class='ocrx_word' id='word_1_67' title='bbox 263 980 308 1036; x_wconf 90' lang='lat' dir='ltr'>cui</span> <span class='ocrx_word' id='word_1_68' title='bbox 320 997 356 1035; x_wconf 86' lang='lat' dir='ltr'>ex</span> <span class='ocrx_word' id='word_1_69' title='bbox 366 974 458 1035; x_wconf 88' lang='lat' dir='ltr'>officio</span> <span class='ocrx_word' id='word_1_70' title='bbox 471 975 609 1034; x_wconf 77' lang='lat' dir='ltr'>incumbit</span> <span class='ocrx_word' id='word_1_71' title='bbox 624 976 782 1055; x_wconf 86' lang='lat' dir='ltr'>Baptizare.</span> <span class='ocrx_word' id='word_1_72' title='bbox 805 979 839 1037; x_wconf 91' lang='lat' dir='ltr'>ln</span> <span class='ocrx_word' id='word_1_73' title='bbox 854 998 922 1038; x_wconf 87' lang='lat' dir='ltr'>casu</span> <span class='ocrx_word' id='word_1_74' title='bbox 933 987 1021 1040; x_wconf 88' lang='lat' dir='ltr'>auten</span> <span class='ocrx_word' id='word_1_75' title='bbox 1049 995 1051 998; x_wconf 69' lang='lat'>‘</span> 
     </span>
     <span class='ocr_line' id='line_1_11' title="bbox 101 1056 1020 1137; baseline 0.001 -18"><span class='ocrx_word' id='word_1_76' title='bbox 101 1060 272 1119; x_wconf 81' lang='lat' dir='ltr'>necessitatis</span> <span class='ocrx_word' id='word_1_77' title='bbox 294 1079 350 1117; x_wconf 91' lang='lat' dir='ltr'>non</span> <span class='ocrx_word' id='word_1_78' title='bbox 374 1057 470 1119; x_wconf 79' lang='lat' dir='ltr'>solum</span> <span class='ocrx_word' id='word_1_79' title='bbox 493 1057 629 1117; x_wconf 83' lang='lat' dir='ltr'>Sacerdos</span> <span class='ocrx_word' id='word_1_80' title='bbox 642 1056 685 1116; x_wconf 87' lang='lat' dir='ltr'>vel</span> <span class='ocrx_word' id='word_1_81' title='bbox 699 1059 854 1133; x_wconf 76' lang='lat' dir='ltr'>Dianoeas,</span> <span class='ocrx_word' id='word_1_82' title='bbox 870 1061 922 1120; x_wconf 88' lang='lat' dir='ltr'>sed</span> <span class='ocrx_word' id='word_1_83' title='bbox 937 1062 1020 1137; x_wconf 83' lang='lat' dir='ltr'>¹etiem</span> 
     </span>
    </p>
   </div>
   <div class='ocr_carea' id='block_1_3' title="bbox 96 1138 1065 1682">
    <p class='ocr_par' dir='ltr' id='par_1_3' title="bbox 96 1138 1065 1682">
     <span class='ocr_line' id='line_1_12' title="bbox 99 1138 1065 1220; baseline 0.001 -21"><span class='ocrx_word' id='word_1_84' title='bbox 99 1141 203 1199; x_wconf 83' lang='lat' dir='ltr'>Leicus</span> <span class='ocrx_word' id='word_1_85' title='bbox 217 1139 261 1199; x_wconf 87' lang='lat' dir='ltr'>vel</span> <span class='ocrx_word' id='word_1_86' title='bbox 274 1138 384 1213; x_wconf 89' lang='lat' dir='ltr'>mulier,</span> <span class='ocrx_word' id='word_1_87' title='bbox 399 1141 457 1196; x_wconf 77' lang='lat' dir='ltr'>imo</span> <span class='ocrx_word' id='word_1_88' title='bbox 471 1141 555 1197; x_wconf 88' lang='lat' dir='ltr'>etiam</span> <span class='ocrx_word' id='word_1_89' title='bbox 572 1139 703 1217; x_wconf 81' lang='lat' dir='ltr'>Pagenus</span> <span class='ocrx_word' id='word_1_90' title='bbox 717 1148 747 1198; x_wconf 90' lang='lat' dir='ltr'>et</span> <span class='ocrx_word' id='word_1_91' title='bbox 763 1138 925 1200; x_wconf 86' lang='lat' dir='ltr'>Haereticue</span> <span class='ocrx_word' id='word_1_92' title='bbox 938 1140 1020 1220; x_wconf 89' lang='lat' dir='ltr'>bapti·</span> <span class='ocrx_word' id='word_1_93' title='bbox 1045 1145 1065 1158; x_wconf 87' lang='lat'>&#39;</span> 
     </span>
     <span class='ocr_line' id='line_1_13' title="bbox 98 1217 1020 1299; baseline 0.001 -18"><span class='ocrx_word' id='word_1_94' title='bbox 98 1242 162 1281; x_wconf 79' lang='lat' dir='ltr'>zare</span> <span class='ocrx_word' id='word_1_95' title='bbox 186 1227 290 1299; x_wconf 88' lang='lat' dir='ltr'>potest,</span> <span class='ocrx_word' id='word_1_96' title='bbox 312 1217 465 1278; x_wconf 88' lang='lat' dir='ltr'>dummodo</span> <span class='ocrx_word' id='word_1_97' title='bbox 486 1218 603 1278; x_wconf 90' lang='lat' dir='ltr'>formem</span> <span class='ocrx_word' id='word_1_98' title='bbox 617 1230 706 1279; x_wconf 87' lang='lat' dir='ltr'>servet</span> <span class='ocrx_word' id='word_1_99' title='bbox 721 1218 869 1295; x_wconf 72' lang='lat' dir='ltr'>Ecclesia,</span> <span class='ocrx_word' id='word_1_100' title='bbox 889 1231 919 1281; x_wconf 90' lang='lat' dir='ltr'>et</span> <span class='ocrx_word' id='word_1_101' title='bbox 938 1222 1020 1283; x_wconf 78' lang='lat' dir='ltr'>facee</span> 
     </span>
     <span class='ocr_line' id='line_1_14' title="bbox 96 1298 1046 1380; baseline 0 -17"><span class='ocrx_word' id='word_1_102' title='bbox 96 1302 234 1374; x_wconf 87' lang='lat' dir='ltr'>intendat,</span> <span class='ocrx_word' id='word_1_103' title='bbox 256 1300 332 1380; x_wconf 89' lang='lat' dir='ltr'>quod</span> <span class='ocrx_word' id='word_1_104' title='bbox 345 1298 414 1361; x_wconf 85' lang='lat' dir='ltr'>fecit</span> <span class='ocrx_word' id='word_1_105' title='bbox 428 1299 563 1359; x_wconf 78' lang='lat' dir='ltr'>Ecclesia.</span> <span class='ocrx_word' id='word_1_106' title='bbox 613 1299 711 1378; x_wconf 89' lang='lat' dir='ltr'>Hujus</span> <span class='ocrx_word' id='word_1_107' title='bbox 724 1302 899 1367; x_wconf 74' lang='lat' dir='ltr'>Sanamem</span> <span class='ocrx_word' id='word_1_108' title='bbox 912 1302 1020 1363; x_wconf 81' lang='lat' dir='ltr'>effectu</span> <span class='ocrx_word' id='word_1_109' title='bbox 1043 1311 1046 1318; x_wconf 76' lang='grc'>”</span> 
     </span>
     <span class='ocr_line' id='line_1_15' title="bbox 97 1380 1019 1463; baseline 0 -19"><span class='ocrx_word' id='word_1_110' title='bbox 97 1392 140 1444; x_wconf 91' lang='lat' dir='ltr'>est</span> <span class='ocrx_word' id='word_1_111' title='bbox 152 1385 275 1442; x_wconf 86' lang='lat' dir='ltr'>remissio</span> <span class='ocrx_word' id='word_1_112' title='bbox 297 1382 388 1440; x_wconf 91' lang='lat' dir='ltr'>omnis</span> <span class='ocrx_word' id='word_1_113' title='bbox 402 1381 494 1458; x_wconf 90' lang='lat' dir='ltr'>culpae</span> <span class='ocrx_word' id='word_1_114' title='bbox 508 1380 650 1457; x_wconf 78' lang='lat' dir='ltr'>originalis</span> <span class='ocrx_word' id='word_1_115' title='bbox 664 1390 694 1440; x_wconf 91' lang='lat' dir='ltr'>et</span> <span class='ocrx_word' id='word_1_116' title='bbox 706 1384 833 1457; x_wconf 76' lang='lat' dir='ltr'>actualis,</span> <span class='ocrx_word' id='word_1_117' title='bbox 856 1387 949 1443; x_wconf 88' lang='lat' dir='ltr'>omnis</span> <span class='ocrx_word' id='word_1_118' title='bbox 961 1403 1019 1463; x_wconf 87' lang='lat' dir='ltr'>quo·</span> 
     </span>
     <span class='ocr_line' id='line_1_16' title="bbox 98 1461 1060 1545; baseline 0.002 -22"><span class='ocrx_word' id='word_1_119' title='bbox 98 1485 154 1545; x_wconf 85' lang='lat' dir='ltr'>que</span> <span class='ocrx_word' id='word_1_120' title='bbox 165 1484 271 1544; x_wconf 88' lang='lat' dir='ltr'>poenae,</span> <span class='ocrx_word' id='word_1_121' title='bbox 292 1482 356 1541; x_wconf 86' lang='lat' dir='ltr'>quae</span> <span class='ocrx_word' id='word_1_122' title='bbox 371 1483 418 1541; x_wconf 89' lang='lat' dir='ltr'>pro</span> <span class='ocrx_word' id='word_1_123' title='bbox 430 1464 494 1540; x_wconf 87' lang='lat' dir='ltr'>ipse</span> <span class='ocrx_word' id='word_1_124' title='bbox 508 1462 593 1540; x_wconf 88' lang='lat' dir='ltr'>culpe</span> <span class='ocrx_word' id='word_1_125' title='bbox 607 1461 730 1521; x_wconf 88' lang='lat' dir='ltr'>debetur.</span> <span class='ocrx_word' id='word_1_126' title='bbox 774 1464 927 1544; x_wconf 80' lang='lat' dir='ltr'>Propterea</span> <span class='ocrx_word' id='word_1_127' title='bbox 941 1465 1018 1545; x_wconf 82' lang='lat' dir='ltr'>bapti·</span> <span class='ocrx_word' id='word_1_128' title='bbox 1047 1473 1060 1476; x_wconf 84' lang='grc'><em>“</em></span> 
     </span>
     <span class='ocr_line' id='line_1_17' title="bbox 96 1542 1041 1682; baseline 0 -78"><span class='ocrx_word' id='word_1_129' title='bbox 96 1548 169 1619; x_wconf 73' lang='lat' dir='ltr'>zetis</span> <span class='ocrx_word' id='word_1_130' title='bbox 184 1543 263 1603; x_wconf 88' lang='lat' dir='ltr'>nulla</span> <span class='ocrx_word' id='word_1_131' title='bbox 273 1564 321 1623; x_wconf 89' lang='lat' dir='ltr'>pro</span> <span class='ocrx_word' id='word_1_132' title='bbox 333 1546 454 1622; x_wconf 85' lang='lat' dir='ltr'>peccatis</span> <span class='ocrx_word' id='word_1_133' title='bbox 464 1545 612 1620; x_wconf 84' lang='lat' dir='ltr'>praeteritis</span> <span class='ocrx_word' id='word_1_134' title='bbox 621 1542 794 1682; x_wconf 56' lang='lat' dir='ltr'>ippungenda</span> <span class='ocrx_word' id='word_1_135' title='bbox 808 1555 852 1604; x_wconf 90' lang='lat' dir='ltr'>est</span> <span class='ocrx_word' id='word_1_136' title='bbox 861 1543 1017 1606; x_wconf 85' lang='lat' dir='ltr'>satisfactio:</span> <span class='ocrx_word' id='word_1_137' title='bbox 1038 1614 1041 1621; x_wconf 33' lang='grc' dir='ltr'>Ι</span> 
     </span>
    </p>
   </div>
   <div class='ocr_carea' id='block_1_4' title="bbox 98 1624 1041 1703">
    <p class='ocr_par' dir='ltr' id='par_1_4' title="bbox 98 1624 1041 1703">
     <span class='ocr_line' id='line_1_18' title="bbox 98 1624 1041 1703; baseline 0.002 -19"><span class='ocrx_word' id='word_1_138' title='bbox 98 1626 150 1697; x_wconf 72' lang='lat' dir='ltr'>sed</span> <span class='ocrx_word' id='word_1_139' title='bbox 165 1626 311 1685; x_wconf 87' lang='lat' dir='ltr'>morientes</span> <span class='ocrx_word' id='word_1_140' title='bbox 335 1633 487 1702; x_wconf 89' lang='lat' dir='ltr'>autequam</span> <span class='ocrx_word' id='word_1_141' title='bbox 507 1624 617 1702; x_wconf 89' lang='lat' dir='ltr'>culpam</span> <span class='ocrx_word' id='word_1_142' title='bbox 661 1625 755 1703; x_wconf 90' lang='lat' dir='ltr'>iquem</span> <span class='ocrx_word' id='word_1_143' title='bbox 771 1629 1017 1694; x_wconf 71' lang='lat' dir='ltr'>committantur·</span> <span class='ocrx_word' id='word_1_144' title='bbox 1037 1634 1041 1645; x_wconf 91' lang='lat'>&#39;</span> 
     </span>
    </p>
   </div>
   <div class='ocr_carea' id='block_1_5' title="bbox 9 1704 1065 1787">
    <p class='ocr_par' dir='ltr' id='par_1_5' title="bbox 9 1704 1065 1787">
     <span class='ocr_line' id='line_1_19' title="bbox 9 1704 1065 1787; baseline 0.022 -48"><span class='ocrx_word' id='word_1_145' title='bbox 9 1728 15 1739; x_wconf 88' lang='lat'><strong><em>.</em></strong></span> <span class='ocrx_word' id='word_1_146' title='bbox 95 1710 150 1778; x_wconf 59' lang='lat' dir='ltr'>tim</span> <span class='ocrx_word' id='word_1_147' title='bbox 165 1707 202 1766; x_wconf 88' lang='lat' dir='ltr'>ad</span> <span class='ocrx_word' id='word_1_148' title='bbox 218 1706 351 1784; x_wconf 81' lang='lat' dir='ltr'>Regnum</span> <span class='ocrx_word' id='word_1_149' title='bbox 367 1704 511 1787; x_wconf 84' lang='lat' dir='ltr'>Coelerum</span> <span class='ocrx_word' id='word_1_150' title='bbox 527 1711 556 1765; x_wconf 88' lang='lat' dir='ltr'>et</span> <span class='ocrx_word' id='word_1_151' title='bbox 569 1704 626 1765; x_wconf 87' lang='lat' dir='ltr'>Dei</span> <span class='ocrx_word' id='word_1_152' title='bbox 639 1708 771 1765; x_wconf 82' lang='lat' dir='ltr'>visionem</span> <span class='ocrx_word' id='word_1_153' title='bbox 784 1706 976 1787; x_wconf 87' lang='lat' dir='ltr'>perveniunt.”</span> <span class='ocrx_word' id='word_1_154' title='bbox 1050 1717 1065 1786; x_wconf 70' lang='grc' dir='ltr'><strong>ῑ</strong></span> 
     </span>
    </p>
   </div>
   <div class='ocr_carea' id='block_1_6' title="bbox 98 1877 1065 2071">
    <p class='ocr_par' dir='ltr' id='par_1_6' title="bbox 98 1877 1065 2071">
     <span class='ocr_line' id='line_1_20' title="bbox 98 1877 1065 1993; baseline 0.006 -6"><span class='ocrx_word' id='word_1_155' title='bbox 98 1930 129 1987; x_wconf 91' lang='grc' dir='ltr'><strong>Ν</strong></span> <span class='ocrx_word' id='word_1_156' title='bbox 161 1931 187 1990; x_wconf 92' lang='lat'>1.</span> <span class='ocrx_word' id='word_1_157' title='bbox 210 1928 269 1989; x_wconf 80' lang='lat' dir='ltr'>DE</span> <span class='ocrx_word' id='word_1_158' title='bbox 290 1924 434 1988; x_wconf 85' lang='lat' dir='ltr'><strong>VARIIS</strong></span> <span class='ocrx_word' id='word_1_159' title='bbox 457 1926 660 1987; x_wconf 84' lang='lat' dir='ltr'>BAPTISMI</span> <span class='ocrx_word' id='word_1_160' title='bbox 680 1925 1019 1993; x_wconf 75' lang='lat' dir='ltr'>ACCEPTIONIBUS</span> <span class='ocrx_word' id='word_1_161' title='bbox 1061 1877 1065 1944; x_wconf 48' lang='lat' dir='ltr'>l</span> 
     </span>
     <span class='ocr_line' id='line_1_21' title="bbox 349 2007 694 2071; baseline 0 -4"><span class='ocrx_word' id='word_1_162' title='bbox 349 2042 354 2053; x_wconf 89' lang='lat'>·</span> <span class='ocrx_word' id='word_1_163' title='bbox 431 2007 487 2067; x_wconf 82' lang='grc' dir='ltr'>ΕΤ</span> <span class='ocrx_word' id='word_1_164' title='bbox 511 2008 694 2071; x_wconf 83' lang='lat' dir='ltr'>FIGURlS.</span> 
     </span>
    </p>
   </div>
   <div class='ocr_carea' id='block_1_7' title="bbox 93 2229 1065 2637">
    <p class='ocr_par' dir='ltr' id='par_1_7' title="bbox 103 2229 1019 2313">
     <span class='ocr_line' id='line_1_22' title="bbox 103 2229 1019 2313; baseline -0.001 -20"><span class='ocrx_word' id='word_1_165' title='bbox 103 2247 128 2293; x_wconf 83' lang='lat'>1.</span> <span class='ocrx_word' id='word_1_166' title='bbox 148 2242 212 2294; x_wconf 71' lang='lat' dir='ltr'>isne</span> <span class='ocrx_word' id='word_1_167' title='bbox 229 2231 372 2309; x_wconf 78' lang='lat' dir='ltr'>tieptisma</span> <span class='ocrx_word' id='word_1_168' title='bbox 388 2231 527 2291; x_wconf 78' lang='lat' dir='ltr'>sortiter.</span> <span class='ocrx_word' id='word_1_169' title='bbox 569 2231 611 2292; x_wconf 86' lang='lat'>11.</span> <span class='ocrx_word' id='word_1_170' title='bbox 641 2229 682 2286; x_wconf 86' lang='lat'>1⁰·</span> <span class='ocrx_word' id='word_1_171' title='bbox 713 2229 870 2293; x_wconf 78' lang='lat' dir='ltr'>literolr&#39;ter</span> <span class='ocrx_word' id='word_1_172' title='bbox 888 2251 946 2311; x_wconf 80' lang='lat' dir='ltr'>pro</span> <span class='ocrx_word' id='word_1_173' title='bbox 961 2235 1019 2313; x_wconf 74' lang='lat' dir='ltr'>e‘prr</span> 
     </span>
    </p>

    <p class='ocr_par' dir='ltr' id='par_1_8' title="bbox 93 2312 1065 2637">
     <span class='ocr_line' id='line_1_23' title="bbox 93 2312 1065 2392; baseline 0.004 -19"><span class='ocrx_word' id='word_1_174' title='bbox 93 2353 95 2358; x_wconf 91' lang='lat'>·</span> <span class='ocrx_word' id='word_1_175' title='bbox 136 2312 315 2374; x_wconf 78' lang='lat' dir='ltr'>lotionelll.</span> <span class='ocrx_word' id='word_1_176' title='bbox 338 2312 382 2371; x_wconf 80' lang='lat'>2⁰.</span> <span class='ocrx_word' id='word_1_177' title='bbox 408 2315 617 2389; x_wconf 72' lang='lat' dir='ltr'>metaphorice.</span> <span class='ocrx_word' id='word_1_178' title='bbox 651 2312 705 2371; x_wconf 88' lang='lat' dir='ltr'>IV.</span> <span class='ocrx_word' id='word_1_179' title='bbox 720 2312 916 2392; x_wconf 79' lang='lat' dir='ltr'>quucvcrr&#39;ia</span> <span class='ocrx_word' id='word_1_180' title='bbox 924 2318 1018 2376; x_wconf 78' lang='lat' dir='ltr'>mom.</span> <span class='ocrx_word' id='word_1_181' title='bbox 1063 2335 1065 2352; x_wconf 73' lang='lat'><strong>⁴</strong></span> 
     </span>
     <span class='ocr_line' id='line_1_24' title="bbox 136 2393 1065 2472; baseline 0.003 -18"><span class='ocrx_word' id='word_1_182' title='bbox 136 2395 179 2456; x_wconf 88' lang='lat' dir='ltr'>V.</span> <span class='ocrx_word' id='word_1_183' title='bbox 192 2395 236 2452; x_wconf 83' lang='lat'>3⁰·</span> <span class='ocrx_word' id='word_1_184' title='bbox 252 2394 315 2454; x_wconf 85' lang='lat' dir='ltr'>Pru</span> <span class='ocrx_word' id='word_1_185' title='bbox 330 2393 440 2454; x_wconf 83' lang='lat' dir='ltr'>lotione</span> <span class='ocrx_word' id='word_1_186' title='bbox 453 2393 641 2454; x_wconf 71' lang='lat' dir='ltr'>ceremonialt</span> <span class='ocrx_word' id='word_1_187' title='bbox 662 2401 693 2453; x_wconf 86' lang='lat' dir='ltr'>ct</span> <span class='ocrx_word' id='word_1_188' title='bbox 715 2394 868 2472; x_wconf 69' lang='lat' dir='ltr'>Bcptrtme</span> <span class='ocrx_word' id='word_1_189' title='bbox 887 2396 1018 2459; x_wconf 64' lang='lat' dir='ltr'>doenum.</span> <span class='ocrx_word' id='word_1_190' title='bbox 1061 2401 1065 2466; x_wconf 66' lang='lat' dir='ltr'>f</span> 
     </span>
     <span class='ocr_line' id='line_1_25' title="bbox 135 2472 1065 2610; baseline 0.002 -76"><span class='ocrx_word' id='word_1_191' title='bbox 135 2476 192 2534; x_wconf 87' lang='lat' dir='ltr'>Vl.</span> <span class='ocrx_word' id='word_1_192' title='bbox 220 2479 264 2533; x_wconf 88' lang='lat'>4⁰·</span> <span class='ocrx_word' id='word_1_193' title='bbox 285 2476 346 2533; x_wconf 88' lang='lat' dir='ltr'>Pro</span> <span class='ocrx_word' id='word_1_194' title='bbox 357 2492 439 2537; x_wconf 76' lang='lat' dir='ltr'>noem</span> <span class='ocrx_word' id='word_1_195' title='bbox 451 2472 531 2550; x_wconf 82' lang='lat' dir='ltr'>legis</span> <span class='ocrx_word' id='word_1_196' title='bbox 543 2474 742 2542; x_wconf 79' lang='lat' dir='ltr'>Sacramenta,</span> <span class='ocrx_word' id='word_1_197' title='bbox 764 2475 839 2542; x_wconf 85' lang='lat' dir='ltr'>Vll.</span> <span class='ocrx_word' id='word_1_198' title='bbox 852 2476 1019 2545; x_wconf 76' lang='lat' dir='ltr'>Quodcerit</span> <span class='ocrx_word' id='word_1_199' title='bbox 1054 2477 1065 2610; x_wconf 55' lang='lat' dir='ltr'>p</span> 
     </span>
     <span class='ocr_line' id='line_1_26' title="bbox 136 2554 793 2637; baseline 0.002 -21"><span class='ocrx_word' id='word_1_200' title='bbox 136 2559 310 2616; x_wconf 81' lang='lat' dir='ltr'>nominatur.</span> <span class='ocrx_word' id='word_1_201' title='bbox 334 2554 422 2613; x_wconf 90' lang='lat' dir='ltr'>VIlI.</span> <span class='ocrx_word' id='word_1_202' title='bbox 436 2555 477 2614; x_wconf 84' lang='lat' dir='ltr'>Et</span> <span class='ocrx_word' id='word_1_203' title='bbox 480 2554 551 2637; x_wconf 82' lang='lat' dir='ltr'>snit</span> <span class='ocrx_word' id='word_1_204' title='bbox 559 2555 793 2634; x_wconf 78' lang='lat' dir='ltr'>prefiguratum.</span> 
     </span>
    </p>
   </div>
   <div class='ocr_carea' id='block_1_8' title="bbox 90 2760 1065 3598">
    <p class='ocr_par' dir='ltr' id='par_1_9' title="bbox 92 2760 1065 3015">
     <span class='ocr_line' id='line_1_27' title="bbox 134 2760 1065 2868; baseline 0.001 -18"><span class='ocrx_word' id='word_1_205' title='bbox 134 2791 159 2850; x_wconf 91' lang='grc' dir='ltr'>Ι.</span> <span class='ocrx_word' id='word_1_206' title='bbox 174 2791 344 2857; x_wconf 69' lang='lat' dir='ltr'>Benene,</span> <span class='ocrx_word' id='word_1_207' title='bbox 365 2809 422 2850; x_wconf 80' lang='lat' dir='ltr'>vox</span> <span class='ocrx_word' id='word_1_208' title='bbox 437 2789 549 2856; x_wconf 71' lang='lat' dir='ltr'>Graeca,</span> <span class='ocrx_word' id='word_1_209' title='bbox 570 2791 726 2867; x_wconf 75' lang='lat' dir='ltr'>generatim</span> <span class='ocrx_word' id='word_1_210' title='bbox 744 2787 885 2868; x_wconf 78' lang='lat' dir='ltr'>significat</span> <span class='ocrx_word' id='word_1_211' title='bbox 904 2790 1017 2851; x_wconf 86' lang='lat' dir='ltr'>ablutio-</span> <span class='ocrx_word' id='word_1_212' title='bbox 1034 2760 1055 2861; x_wconf 72' lang='lat' dir='ltr'>l</span> <span class='ocrx_word' id='word_1_213' title='bbox 1062 2845 1065 2850; x_wconf 94' lang='lat'>.</span> 
     </span>
     <span class='ocr_line' id='line_1_28' title="bbox 92 2868 1037 2951; baseline -0.004 -18"><span class='ocrx_word' id='word_1_214' title='bbox 92 2892 172 2941; x_wconf 85' lang='lat' dir='ltr'>nam‚·</span> <span class='ocrx_word' id='word_1_215' title='bbox 191 2881 221 2930; x_wconf 87' lang='lat' dir='ltr'>et</span> <span class='ocrx_word' id='word_1_216' title='bbox 244 2871 431 2951; x_wconf 62' lang='lat' dir='ltr'>principaliter</span> <span class='ocrx_word' id='word_1_217' title='bbox 451 2872 537 2943; x_wconf 82' lang='lat' dir='ltr'>illem,</span> <span class='ocrx_word' id='word_1_218' title='bbox 560 2890 623 2950; x_wconf 86' lang='lat' dir='ltr'>quae</span> <span class='ocrx_word' id='word_1_219' title='bbox 638 2871 672 2929; x_wconf 90' lang='lat' dir='ltr'>fit</span> <span class='ocrx_word' id='word_1_220' title='bbox 683 2890 731 2951; x_wconf 88' lang='lat' dir='ltr'>per</span> <span class='ocrx_word' id='word_1_221' title='bbox 745 2871 898 2951; x_wconf 85' lang='lat' dir='ltr'>quemdem</span> <span class='ocrx_word' id='word_1_222' title='bbox 911 2874 1014 2935; x_wconf 86' lang='lat' dir='ltr'>immer-</span> <span class='ocrx_word' id='word_1_223' title='bbox 1030 2868 1037 2929; x_wconf 87' lang='lat' dir='ltr'>l</span> 
     </span>
     <span class='ocr_line' id='line_1_29' title="bbox 95 2973 843 3015; baseline 0.004 -3"><span class='ocrx_word' id='word_1_224' title='bbox 95 2973 213 3015; x_wconf 81' lang='lat' dir='ltr'>etonem.</span> <span class='ocrx_word' id='word_1_225' title='bbox 840 3008 843 3015; x_wconf 94' lang='lat'><em>.</em></span> 
     </span>
    </p>

    <p class='ocr_par' dir='ltr' id='par_1_10' title="bbox 93 3024 1064 3196">
     <span class='ocr_line' id='line_1_30' title="bbox 135 3024 1064 3114; baseline 0.002 -22"><span class='ocrx_word' id='word_1_226' title='bbox 135 3031 363 3113; x_wconf 83' lang='lat' dir='ltr'>Quadrupliciter</span> <span class='ocrx_word' id='word_1_227' title='bbox 386 3039 483 3091; x_wconf 87' lang='lat' dir='ltr'>autem</span> <span class='ocrx_word' id='word_1_228' title='bbox 504 3033 621 3095; x_wconf 86' lang='lat' dir='ltr'>sumitur</span> <span class='ocrx_word' id='word_1_229' title='bbox 634 3032 814 3111; x_wconf 78' lang='lat' dir='ltr'>potissimum</span> <span class='ocrx_word' id='word_1_230' title='bbox 826 3024 884 3093; x_wconf 71' lang='lat' dir='ltr'>‘nox</span> <span class='ocrx_word' id='word_1_231' title='bbox 900 3034 1011 3114; x_wconf 71' lang='lat' dir='ltr'>Beptri·</span> <span class='ocrx_word' id='word_1_232' title='bbox 1026 3031 1048 3089; x_wconf 71' lang='lat'>.‘</span> <span class='ocrx_word' id='word_1_233' title='bbox 1063 3031 1064 3034; x_wconf 61' lang='grc'>’</span> 
     </span>
     <span class='ocr_line' id='line_1_31' title="bbox 93 3113 1055 3196; baseline -0.008 -21"><span class='ocrx_word' id='word_1_234' title='bbox 93 3135 158 3175; x_wconf 86' lang='lat' dir='ltr'>mus</span> <span class='ocrx_word' id='word_1_235' title='bbox 170 3114 199 3178; x_wconf 87' lang='lat' dir='ltr'>in</span> <span class='ocrx_word' id='word_1_236' title='bbox 213 3114 354 3190; x_wconf 83' lang='lat' dir='ltr'>Scriptura</span> <span class='ocrx_word' id='word_1_237' title='bbox 367 3114 461 3171; x_wconf 83' lang='lat' dir='ltr'>Serre.</span> <span class='ocrx_word' id='word_1_238' title='bbox 1031 3113 1055 3196; x_wconf 41' lang='lat'>.‘</span> 
     </span>
    </p>

    <p class='ocr_par' dir='ltr' id='par_1_11' title="bbox 90 3191 1065 3598">
     <span class='ocr_line' id='line_1_32' title="bbox 133 3191 1060 3274; baseline 0.004 -22"><span class='ocrx_word' id='word_1_239' title='bbox 133 3197 174 3256; x_wconf 89' lang='lat' dir='ltr'>ll.</span> <span class='ocrx_word' id='word_1_240' title='bbox 199 3194 239 3252; x_wconf 87' lang='lat'>1⁰·</span> <span class='ocrx_word' id='word_1_241' title='bbox 263 3192 519 3252; x_wconf 88' lang='lat' dir='ltr'>Grammaticeliter</span> <span class='ocrx_word' id='word_1_242' title='bbox 534 3212 588 3253; x_wconf 87' lang='lat' dir='ltr'>eeu</span> <span class='ocrx_word' id='word_1_243' title='bbox 611 3192 766 3258; x_wconf 79' lang='lat' dir='ltr'>litteraliter</span> <span class='ocrx_word' id='word_1_244' title='bbox 779 3215 828 3274; x_wconf 90' lang='lat' dir='ltr'>pro</span> <span class='ocrx_word' id='word_1_245' title='bbox 842 3197 1009 3263; x_wconf 75' lang='lat' dir='ltr'>immersione</span> <span class='ocrx_word' id='word_1_246' title='bbox 1048 3191 1060 3196; x_wconf 67' lang='grc'><em>”</em></span> 
     </span>
     <span class='ocr_line' id='line_1_33' title="bbox 90 3273 1026 3361; baseline 0 -26"><span class='ocrx_word' id='word_1_247' title='bbox 90 3277 133 3336; x_wconf 84' lang='lat' dir='ltr'>vel</span> <span class='ocrx_word' id='word_1_248' title='bbox 144 3277 306 3338; x_wconf 87' lang='lat' dir='ltr'>intinctione</span> <span class='ocrx_word' id='word_1_249' title='bbox 316 3295 322 3330; x_wconf 93' lang='lat'>:</span> <span class='ocrx_word' id='word_1_250' title='bbox 332 3281 360 3333; x_wconf 89' lang='lat' dir='ltr'>et</span> <span class='ocrx_word' id='word_1_251' title='bbox 368 3276 444 3350; x_wconf 86' lang='lat' dir='ltr'>quie,</span> <span class='ocrx_word' id='word_1_252' title='bbox 459 3293 522 3351; x_wconf 84' lang='lat' dir='ltr'>quae</span> <span class='ocrx_word' id='word_1_253' title='bbox 531 3273 670 3353; x_wconf 75' lang='lat' dir='ltr'>levantur,</span> <span class='ocrx_word' id='word_1_254' title='bbox 680 3276 772 3335; x_wconf 88' lang='lat' dir='ltr'>solent</span> <span class='ocrx_word' id='word_1_255' title='bbox 787 3279 877 3357; x_wconf 82' lang='lat' dir='ltr'>etquis</span> <span class='ocrx_word' id='word_1_256' title='bbox 892 3279 1008 3361; x_wconf 69' lang='lat' dir='ltr'>immergi</span> <span class='ocrx_word' id='word_1_257' title='bbox 1023 3294 1026 3327; x_wconf 86' lang='lat'><em>=</em></span> 
     </span>
     <span class='ocr_line' id='line_1_34' title="bbox 90 3354 1065 3440; baseline 0.003 -26"><span class='ocrx_word' id='word_1_258' title='bbox 90 3357 133 3417; x_wconf 87' lang='lat' dir='ltr'>val</span> <span class='ocrx_word' id='word_1_259' title='bbox 146 3359 254 3435; x_wconf 85' lang='lat' dir='ltr'>intingi,</span> <span class='ocrx_word' id='word_1_260' title='bbox 276 3355 340 3415; x_wconf 90' lang='lat' dir='ltr'>ideo</span> <span class='ocrx_word' id='word_1_261' title='bbox 355 3354 513 3433; x_wconf 86' lang='lat' dir='ltr'>Baptismus</span> <span class='ocrx_word' id='word_1_262' title='bbox 528 3364 679 3432; x_wconf 88' lang='lat' dir='ltr'>usurpetur</span> <span class='ocrx_word' id='word_1_263' title='bbox 692 3376 741 3436; x_wconf 91' lang='lat' dir='ltr'>pro</span> <span class='ocrx_word' id='word_1_264' title='bbox 755 3357 862 3417; x_wconf 92' lang='lat' dir='ltr'>lotione</span> <span class='ocrx_word' id='word_1_265' title='bbox 875 3378 924 3417; x_wconf 86' lang='lat' dir='ltr'>seu</span> <span class='ocrx_word' id='word_1_266' title='bbox 940 3356 1006 3417; x_wconf 85' lang='lat' dir='ltr'>ebla-</span> <span class='ocrx_word' id='word_1_267' title='bbox 1055 3431 1065 3440; x_wconf 29' lang='lat'>‘</span> 
     </span>
     <span class='ocr_line' id='line_1_35' title="bbox 90 3434 1032 3518; baseline 0.003 -22"><span class='ocrx_word' id='word_1_268' title='bbox 90 3442 178 3499; x_wconf 86' lang='lat' dir='ltr'>tione.</span> <span class='ocrx_word' id='word_1_269' title='bbox 219 3440 268 3497; x_wconf 89' lang='lat' dir='ltr'>Sic</span> <span class='ocrx_word' id='word_1_270' title='bbox 281 3437 399 3496; x_wconf 89' lang='lat' dir='ltr'>sumitur</span> <span class='ocrx_word' id='word_1_271' title='bbox 411 3434 514 3494; x_wconf 78' lang='lat' dir='ltr'>tudirh</span> <span class='ocrx_word' id='word_1_272' title='bbox 530 3455 590 3514; x_wconf 89' lang='lat' dir='ltr'>cap.</span> <span class='ocrx_word' id='word_1_273' title='bbox 608 3436 655 3497; x_wconf 86' lang='lat'>12.</span> <span class='ocrx_word' id='word_1_274' title='bbox 669 3457 694 3494; x_wconf 78' lang='lat' dir='ltr'>e.</span> <span class='ocrx_word' id='word_1_275' title='bbox 709 3439 737 3518; x_wconf 45' lang='lat' dir='ltr'>t:</span> <span class='ocrx_word' id='word_1_276' title='bbox 753 3438 797 3513; x_wconf 76' lang='lat' dir='ltr'>Et</span> <span class='ocrx_word' id='word_1_277' title='bbox 811 3436 911 3498; x_wconf 75' lang='lat' dir='ltr'>coibat</span> <span class='ocrx_word' id='word_1_278' title='bbox 924 3444 1006 3499; x_wconf 84' lang='lat' dir='ltr'>nocti·</span> <span class='ocrx_word' id='word_1_279' title='bbox 1022 3470 1032 3517; x_wconf 63' lang='grc' dir='ltr'>ς</span> 
     </span>
     <span class='ocr_line' id='line_1_36' title="bbox 92 3514 673 3598; baseline -0.005 -20"><span class='ocrx_word' id='word_1_280' title='bbox 92 3520 156 3584; x_wconf 75' lang='lat' dir='ltr'>bun.</span> <span class='ocrx_word' id='word_1_281' title='bbox 166 3566 174 3583; x_wconf 92' lang='lat'><strong>.</strong></span> <span class='ocrx_word' id='word_1_282' title='bbox 183 3527 210 3590; x_wconf 75' lang='lat' dir='ltr'>et</span> <span class='ocrx_word' id='word_1_283' title='bbox 220 3517 389 3598; x_wconf 73' lang='lat' dir='ltr'>baptizabat</span> <span class='ocrx_word' id='word_1_284' title='bbox 401 3535 434 3577; x_wconf 83' lang='lat' dir='ltr'>ea</span> <span class='ocrx_word' id='word_1_285' title='bbox 446 3514 573 3594; x_wconf 81' lang='lat' dir='ltr'>insonte</span> <span class='ocrx_word' id='word_1_286' title='bbox 587 3533 673 3597; x_wconf 64' lang='lat' dir='ltr'>aqna</span> 
     </span>
    </p>
   </div>
   <div class='ocr_carea' id='block_1_9' title="bbox 448 3770 631 3842">
    <p class='ocr_par' dir='ltr' id='par_1_12' title="bbox 448 3770 631 3842">
     <span class='ocr_line' id='line_1_37' title="bbox 448 3770 631 3842; baseline -0.016 -11"><span class='ocrx_word' id='word_1_287' title='bbox 448 3777 460 3812; x_wconf 87' lang='lat'>·&#39;</span> <span class='ocrx_word' id='word_1_288' title='bbox 473 3770 631 3842; x_wconf 62' lang='lat' dir='ltr'>flectentur.</span> 
     </span>
    </p>
   </div>
   <div class='ocr_carea' id='block_1_10' title="bbox 0 0 1070 3990">
    <p class='ocr_par' dir='ltr' id='par_1_13' title="bbox 0 0 1070 3990">
     <span class='ocr_line' id='line_1_38' title="bbox 0 0 1070 3990; baseline 0 3"><span class='ocrx_word' id='word_1_289' title='bbox 0 0 1070 3990; x_wconf 95' lang='lat' dir='ltr'> </span> 
     </span>
    </p>
   </div>
  </div>
 </body>
</html>
