2130 3990
294 193 336 237 un
356 194 575 253 ucnnunurrs
589 196 624 259 ru
640 195 786 257 annau..
960 180 997 241 87

26 372 29 379 ’
72 418 109 479 u.
131 417 181 479 ιε.
202 418 263 479 nn
285 420 332 479 nr
354 418 625 562 ouuhsssrffl
639 419 833 484 nnuman
848 418 996 482 sauna.

202 752 206 757 Ι
276 618 312 722 'a
330 662 430 723 raom.
444 671 546 742 quaa.
568 672 623 726 art.
641 662 670 736 2,
684 664 704 724 a
719 656 750 725 et
761 663 791 725 4.

26 843 33 880 r
76 827 96 884 I.
110 824 306 904 Quadruplex
318 826 465 885 hominnm
477 832 582 884 statue.
624 819 665 885 II.v
682 825 719 887 In
733 835 813 886 statu
826 829 997 888 innocentie

26 925 38 960 .“
108 926 165 967 non
164 906 301 987 sumat
310 907 509 966 Sacramenta.
550 907 609 966 ΙΙΙ.
631 905 836 981 Neclueinent
848 910 996 988 eiperdu-

107 996 214 1050 resset.
257 987 311 1047 IV.
334 987 457 1048 [natatu
472 987 567 1063 Legite
577 994 686 1047 nature
694 989 755 1050 suit
765 988 996 1051 Sacramentum.

107 1069 144 1128 V.
161 1069 399 1148 Fueruntplnra
412 1071 443 1128 in
471 1067 568 1130 Veteri
591 1069 683 1147 Lege.
705 1070 760 1128 VI.
782 1069 825 1129 ut
843 1079 949 1151 reptem
964 1076 997 1132 in

107 1169 185 1211 noua
200 1150 295 1228 Lege.

106 1312 130 1369 1.
145 1312 376 1380 Quianannrx
403 1313 509 1389 generis
534 1311 653 1371 humani
677 1316 765 1372 status
794 1311 994 1393 distinguitur:

110 1392 222 1451 Primus
248 1402 336 1455 status
364 1392 544 1467 humentia,
571 1394 619 1472 qui
636 1391 692 1454 fuit
704 1394 723 1451 a
737 1396 877 1454 creatione
891 1393 997 1455 Adami

71 1493 155 1551 usque
168 1472 206 1532 ad
219 1475 281 1553 ejus
295 1473 415 1552 lapsum.

106 1555 257 1614 Secundus
270 1563 313 1612 est
319 1560 409 1613 status
423 1552 454 1613 N
457 1560 550 1626 aare,
572 1556 620 1634 qui
633 1554 714 1614 suita
727 1554 809 1636 lapsu
823 1555 894 1615 Adae
907 1576 997 1636 usque

69 1635 103 1693 ad
132 1636 242 1714 Iegem
270 1636 451 1714 Moyea'icam
475 1655 524 1713 pro
547 1634 777 1695 descendentibus
789 1656 826 1695 ex
851 1637 997 1715 Abraham

68 1735 117 1794 per
131 1717 216 1775 Isaac
235 1724 263 1775 et
274 1717 374 1783 Jacob,
396 1719 468 1775 sicut
480 1724 508 1774 et
521 1735 571 1794 pro
586 1717 739 1794 Proselytis
755 1737 761 1774 :
781 1737 833 1798 pro
846 1717 907 1778 aliis
920 1723 997 1788 vert),

69 1816 116 1855 scu
132 1796 287 1865 Gentibus,
308 1796 443 1875 usquead
458 1796 563 1874 Legem
579 1797 734 1877 Evangelii.

107 1878 224 1937 Tertius
249 1889 290 1937 est
301 1887 392 1937 statue
408 1877 492 1955 Legis
505 1880 604 1939 veteris
617 1883 646 1938 in
673 1879 782 1959 Populo
797 1879 955 1939 Isradlitico
968 1887 998 1938 et

70 1959 222 2038 Proselytis
234 1961 252 2015 a
265 1959 342 2037 Iege
370 1958 403 2016 M
406 1965 522 2036 oysa'iea
534 1957 671 2038 usquead
687 1959 794 2038 Legem
808 1981 908 2033 novam
931 1980 994 2041 per·

71 2040 181 2099 durans.

105 2122 230 2190 Quartus
243 2128 381 2260 estgtatus
396 2119 550 2199 Evangelii,
573 2139 621 2181 seu
648 2121 731 2200 Legis
746 2141 822 2181 nora
837 2124 856 2181 a
881 2121 993 2181 Christo

70 2221 156 2279 usque
170 2203 208 2261 ad
218 2224 285 2262 mun
306 2205 316 2260 i
328 2203 424 2261 finem.

108 2283 155 2341 An
171 2286 289 2344 inomni
303 2291 374 2342 statu
388 2283 500 2341 suerunt
514 2282 716 2342 Sacramenta?
840 2357 841 2360 Ἴ

108 2364 150 2424 11.
183 2366 219 2424 R.
236 2367 270 2424 In
281 2367 384 2443 'primo
411 2371 483 2421 statu
500 2362 577 2421 nulla
595 2363 688 2437 fuisse,
708 2366 864 2423 communis
878 2369 921 2422 est
933 2382 994 2421 sen·

72 2447 173 2503 unua:
196 2447 258 2505 tiam
285 2449 352 2523 quia
375 2444 411 2503 de
435 2443 571 2503 illisnihil
598 2444 715 2504 habetur
738 2447 766 2503 in
791 2445 936 2524 Scriptura
949 2444 994 2504 vel

74 2526 242 2599 Traditioue‚
263 2536 323 2585 tum
337 2529 404 2604 quia
417 2525 576 2583 brevissimo
591 2534 714 2604 tempore
728 2526 844 2585 duravit.

107 2608 150 2664 An
164 2611 189 2665 si
213 2616 299 2666 status
313 2608 478 2665 innocentia
500 2607 683 2684 perdurasset,
703 2607 797 2666 futura
809 2607 926 2667 fuissent
939 2608 992 2665 Sa-

75 2688 234 2747 eramenta?

108 2770 145 2827 R.
162 2773 247 2827 Certa
272 2789 327 2826 non
348 2768 464 2826 fuissent
487 2769 561 2837 talin,
584 2768 678 2847 qualia
701 2766 820 2835 fuerunt,
843 2775 904 2845 post
928 2788 992 2846 pec-

75 2859 179 2908 catum:
202 2855 270 2929 quia
283 2850 343 2907 hac
368 2859 589 2927 praesupponunt
614 2857 770 2925 peccatum,
791 2850 992 2927 etsignificant

26 2952 32 2999 ξ
76 2930 218 2990 Medicum
240 2932 390 2999 Christum,
422 2930 537 3008 ejusque
565 2928 693 2988 Gratiam
718 2939 852 3008 tanquam
880 2929 993 2989 medici-

73 3032 138 3070 nam.

101 3093 147 3150 An
162 3094 264 3151 saltem
280 3113 335 3150 non
350 3091 468 3150 fuissent
481 3091 608 3169 quadam
622 3091 678 3149 alia
692 3091 899 3171 Sacramenta?

101 3175 159 3232 ΙΙΙ.
185 3174 227 3232 R.
255 3173 287 3230 ld
308 3176 420 3232 omnino
443 3177 579 3230 incertum
603 3180 659 3242 est;
682 3181 806 3231 attamen
821 3176 993 3231 communior

68 3267 100 3314 est
125 3257 274 3313 scatentia
301 3257 430 3330 negativa
456 3255 485 3311 S.
501 3253 639 3311 'l'lronieffi
661 3261 721 3311 tum
736 3256 802 3332 quia
815 3256 843 3311 in
857 3253 904 3312 iilo
917 3262 993 3312 statu

64 3358 111 3394 non
127 3337 232 3394 fuisset
245 3335 398 3412 indigentia
421 3334 534 3393 remedii
555 3333 742 3403 medicinalia
761 3335 823 3412 jam
837 3343 939 3406 autem,
960 3345 993 3394 ut

62 3418 125 3476 dicit
141 3418 174 3473 S.
192 3418 301 3473 'l'hora
317 3437 396 3494 supp.
410 3438 437 3495 q.
453 3416 500 3472 42.
516 3425 567 3472 art.
578 3421 606 3472 ⁶2.
621 3417 648 3472 in
664 3419 683 3447 “
699 3415 781 3492 Corp.
826 3417 869 3473 De
885 3417 992 3474 ratione

58 3500 237 3557 Sacramenti
255 3508 305 3562 est,
328 3499 402 3575 quad
424 3499 460 3555 sit
477 3500 588 3575 signum
602 3509 629 3554 et
642 3495 832 3554 remedium:''
854 3508 914 3555 tum
927 3502 994 3576 quia

55 3583 81 3636 in
111 3580 257 3637 illastatu
289 3579 331 3653 (in
347 3600 402 3656 quo
416 3583 556 3656 superiora
583 3576 992 3646 dominabanturinferioribus,

55 3659 128 3735 dcc.)
149 3660 248 3715 minus
263 3659 378 3736 dignum
392 3659 536 3718 videbatur
549 3657 603 3715 iliis
616 3658 726 3734 subjici.
980 3716 985 3725 ,

95 3741 173 3821 Obj.
195 3740 229 3799 ln
244 3741 293 3802 illo
307 3750 380 3805 statu
390 3741 508 3802 fuissent
518 3741 678 3797 sacrificia:
696 3738 995 3815 ergoatSacramenta.

515 3838 539 3880 Η
