2130 3990
128 174 168 248 88
361 192 375 217 ³·
392 180 407 231 ··³
438 206 443 215 ·
514 186 711 247 reserantis
815 205 818 213 ·

170 346 206 405 R.
222 347 303 427 Disp.
319 353 380 421 cst,
420 346 475 407 udd
491 352 571 410 ratio
598 357 627 408 at
641 347 766 407 debiturn
795 345 896 423 cultris
907 347 1012 408 interni
1024 354 1054 408 at

123 432 240 487 'externi
249 369 516 488 conveniatiro'mini
529 449 580 509 per
591 448 621 487 se
641 431 748 488 ratione
759 425 948 508 subjectionis,
969 449 1054 508 quarn

126 507 212 568 habet
224 508 260 568 ad
283 512 396 569 Deum:
417 519 447 569 et
460 514 583 574 siccatio
602 509 739 568 Sacrificii
762 511 879 587 pertinet
892 509 931 568 ad
943 509 989 588 jus
1004 531 1053 570 ua·

125 591 222 663 turale,
238 590 324 668 juxta
337 592 368 650 S.
393 592 547 666 Thomam,
569 593 598 650 2.
627 591 655 650 2.
678 611 704 670 q.
729 589 777 648 85.
793 599 844 649 art.
868 595 893 650 l.
908 593 937 648 in
956 592 1051 668 Corp;

125 673 197 730 ratio
214 676 277 742 verri
289 675 520 733 Sacramentiest
530 693 578 753 per
587 670 719 731 accidens
728 669 836 731 homini
850 674 968 752 propria·
991 683 1050 752 post

125 752 245 832 lapsum,
266 761 294 813 et
305 774 362 812 non
377 763 451 814 ante.
817 778 819 783 ¹

143 857 146 861 ’
163 832 217 893 lv.
241 833 390 902 Quantum
405 834 442 894 ad
460 832 614 903 secundum
629 839 741 904 statum,
764 833 873 892 scilicet
885 833 972 912 Legis
988 834 1048 893 Na-

122 920 200 985 turae,
221 913 308 974 fuisse
332 916 430 975 saltem
444 935 531 975 unum
546 935 596 994 pro
609 915 738 994 paruulis,
766 914 874 973 scilicet
894 914 1046 975 remedium

123 990 236 1075 aliquod
262 995 299 1056 ad
325 996 482 1057 tollendum
508 997 639 1074 originale
652 1004 805 1068 paccatum,
833 998 989 1053 communis
1009 1009 1047 1058 est

122 1078 275 1137 sententia:
296 1076 332 1136 da
345 1097 400 1157 quo
414 1078 482 1138 dicit
496 1077 527 1135 S.
541 1079 723 1154 Augustinus,
736 1076 785 1136 lib.
800 1079 829 1135 5.
844 1084 940 1134 contra
954 1077 976 1134 J
979 1077 1043 1136 ulia·

122 1177 200 1230 num,
215 1178 279 1238 cap.
294 1161 337 1219 9.:
359 1162 378 1192 “
393 1159 461 1219 Nou
472 1166 515 1217 est
529 1157 706 1225 credendum,
728 1167 794 1216 ante
808 1157 904 1215 datam
920 1157 1042 1216 Circum·

122 1243 141 1270 “
154 1241 285 1298 cisioneru
310 1239 431 1299 famulos
456 1241 513 1302 Dei
538 1236 778 1321 (quandoquidem
799 1238 852 1295 illis
874 1240 966 1297 inerat
982 1239 1039 1297 Ma-

122 1317 266 1379 “'diatoris
291 1318 374 1400 fides)
396 1322 474 1382 nullo
495 1323 676 1380 Sacramenta
701 1319 761 1397 ejus
784 1318 937 1398 opitulatos
958 1318 1038 1380 fuiss

122 1403 143 1432 “
156 1399 274 1480 paruulis
287 1403 362 1460 suis:
378 1403 510 1480 quamvis,
519 1399 587 1481 quid
600 1398 668 1459 illud
683 1408 764 1470 esset,
786 1398 880 1479 aliqud
894 1402 1037 1479 necessarii

120 1487 139 1516 “
153 1483 238 1540 causi
251 1481 395 1562 Scriptura
409 1485 496 1542 Sacra
508 1483 591 1541 latere
605 1479 745 1549 voluerit'f

160 1561 234 1622 lllud
257 1572 349 1622 autem
371 1564 594 1635 Sacramentum,
613 1582 662 1621 seu
674 1559 842 1632 remedium,
864 1561 1036 1622 verosimilius

118 1642 422 1724 consistebatinaliqua
435 1641 819 1705 caeremoniaindeterminata
837 1645 916 1701 actus
930 1647 1036 1703 externi

113 1726 289 1802 protestativi
301 1726 368 1785 fidei
382 1727 411 1786 in
426 1734 571 1785 venturum
586 1724 731 1783 Messinm.

158 1804 194 1865 V.
214 1807 395 1866 Postmodum
415 1827 465 1887 pro
492 1807 649 1885 posteritate
670 1803 791 1863 Abrabae
805 1802 1034 1883 congregandam

117 1887 252 1964 populum
274 1887 450 1965 peculiarem,
478 1886 553 1945 unde
576 1886 694 1944 Messias
718 1893 886 1955 nasceretur,
907 1887 1035 1944 verisimi-

113 1965 169 2024 lius
189 1967 341 2027 remedium
365 1988 415 2048 pro
439 1977 554 2047 peccato
576 1968 701 2045 originali
715 1974 757 2025 est
773 1969 800 2026 in
815 1965 978 2046 particulari
991 1965 1034 2025 da·

115 2050 295 2109 terminatum
318 2048 354 2108 ad
369 2050 613 2108 Circumcisionem
625 2068 675 2128 pro
691 2047 820 2106 masculis
833 2056 897 2105 octo
910 2046 1052 2121 dierumz,

114 2147 163 2205 pro
190 2129 287 2208 puellis
312 2139 462 2199 autemst
488 2131 573 2188 etiam
600 2128 730 2187 masculis
744 2136 808 2186 ante
822 2135 950 2187 octavam
964 2126 1034 2188 diam

113 2210 345 2287 periclitantibus,
366 2220 396 2269 et
420 2213 482 2270 aliis
495 2209 658 2289 quibusdam
672 2209 861 2268 occasionibus
883 2208 1036 2269 remedium

115 2311 267 2350 commune
279 2291 494 2372 relinquebatur,
515 2293 587 2350 sicut
599 2299 628 2349 et
640 2310 691 2370 pro
707 2289 857 2349 Gentibus.

155 2373 298 2442 Quantum
318 2372 355 2432 ad
366 2375 474 2433 tertium
501 2379 614 2438 statum,
626 2391 672 2428 sau
692 2371 774 2450 Legis
788 2373 897 2445 veteris,
920 2371 962 2430 illi
976 2378 1036 2431 tan·

113 2471 195 2527 quam
212 2453 370 2532 Paedagogo
385 2453 421 2514 ad
433 2454 571 2512 Christum
588 2453 792 2512 conveniebant
812 2453 892 2530 plura
904 2461 934 2510 at
948 2455 1036 2532 magia

112 2532 300 2594 determinata¹
322 2534 512 2604 Sacramenta,
544 2553 667 2613 congrua
692 2536 867 2613 praefigurare
891 2532 1036 2593 Christum

112 2621 142 2671 et
155 2615 259 2692 Legem
275 2614 394 2675 Gratiae.

152 2695 259 2755 Praeter
270 2695 518 2755 Circumcisionem
528 2706 672 2755 enumerat
682 2695 712 2753 S.
720 2696 857 2766 Thomas,
867 2694 929 2753 La.
939 2704 1035 2774 quaest.

114 2773 182 2836 102.
197 2786 248 2836 art.
263 2782 291 2836 5.
305 2779 334 2837 in
361 2778 446 2857 Corp.
469 2777 581 2857 triplicis
595 2780 701 2853 generis
715 2776 904 2836 Sacramenta.
948 2777 1037 2835 Primi

109 2859 218 2930 generis
240 2867 299 2917 erat
321 2861 490 2918 consecratio
512 2858 700 2927 sacerdotum,
724 2856 777 2916 dcc.
795 2857 908 2917 secundi
923 2859 1036 2935 generis

111 2944 170 2996 erat
196 2958 259 2996 esus
282 2941 354 3017 Agni
368 2938 524 3008 Paschalis,
548 2938 602 2998 dcc.
617 2949 645 2997 at
660 2940 735 2997 tertii
747 2941 852 3017 generis
866 2949 946 2996 erant
958 2958 1035 3016 quae·

110 3017 176 3077 dam
189 3018 375 3095 lustrationes,
396 3021 496 3101 quibua
522 3020 656 3079 Israelitae
684 3018 720 3077 ab
734 3019 918 3079 immunditiis
933 3019 1035 3096 legali·

18 3148 21 3153 ,
109 3098 161 3157 bus
175 3100 379 3179 purgabantur:
400 3102 498 3160 horum
523 3105 648 3158 omniurn
662 3119 760 3159 causas
773 3098 904 3159 litterales
917 3110 946 3158 et
958 3102 1033 3178 ligu-

108 3180 180 3238 rales
191 3179 250 3241 late
263 3180 368 3243 ibidem
381 3182 507 3262 producit
520 3181 550 3238 S.
565 3181 669 3239 Thom.

149 3260 365 3325 victurorum
391 3261 510 3340 danique
536 3261 572 3320 ad
596 3272 725 3340 quartum
754 3268 866 3333 statum,
885 3281 934 3320 sau
949 3262 1036 3340 Iegis

108 3356 198 3415 novaa,
218 3345 246 3402 iu
270 3343 319 3405 illo
347 3346 470 3402 instituta
496 3353 560 3401 sunt
585 3353 692 3422 septem
719 3342 1035 3409 sacramentarium

107 3422 222 3500 majora,
243 3433 307 3484 actu
334 3423 467 3492 faciliora,
489 3443 602 3482 numero
628 3425 766 3502 pauciora,
789 3421 844 3480 dcc.
868 3443 940 3503 quae,
960 3427 1034 3486 sicut

104 3511 194 3565 status
206 3504 264 3580 ille,
277 3505 313 3569 ad
327 3505 420 3568 secuti
433 3506 703 3566 consummationem
714 3513 781 3565 suut
794 3503 902 3567 durata.
