2130 3990
87 164 148 225 Μ
461 172 644 219 morenos

87 330 166 389 dmm
177 325 248 386 VII.
258 326 390 383 damnata
399 328 444 381 est
452 322 514 379 hac
524 321 686 399 propositio,
696 318 784 381 Num.
794 321 829 382 9.
874 318 1023 384 “Postde·

86 419 192 470 cretum
208 406 315 468 Urbani
344 402 433 463 VIII.
458 410 551 480 potest
574 402 722 475 Sacerdos,
750 402 796 461 cui
826 402 932 462 Missas
960 407 1026 465 calc·

86 491 200 550 brandeo
224 488 380 554 traduntur,
404 504 455 562 per
468 485 553 541 alium
566 482 737 556 satisfacere,
759 486 867 542 collato
879 485 919 542 illi
932 488 1024 545 minori

88 571 236 650 stipendio,
251 570 306 627 alia
319 575 398 644 parte
411 565 540 641 stipendii
568 565 619 623 sibi
646 566 787 626 retentd.”
836 565 880 623 Et
892 565 957 624 hinc
970 570 1025 626 talis

89 654 141 712 sibi
161 659 269 730 partem
293 649 414 707 retinens
428 647 540 704 videtur
561 644 698 724 justitiam
711 648 831 719 violare,
848 656 880 705 st
892 648 929 705 ad
952 651 1024 707 resti-

90 736 223 793 tutionem
246 730 380 808 obligari:
415 728 548 805 quinImo‚
568 728 658 804 inquit
684 729 862 787 Benedictus
892 727 1024 789 xlmis

89 815 294 874 Constitutione
304 813 340 869 de
352 811 398 867 dic
410 809 462 868 30.
476 808 566 882 Junii,
584 808 669 875 1741,
686 811 740 883 §5
757 830 825 887 quas
849 809 972 867 habetur
982 810 1022 873 lib.

87 899 117 954 3.
140 900 173 955 de
189 893 344 960 Sacrificio
356 891 471 957 Micam,
486 910 547 966 cap.
559 888 643 948 atsi
658 889 766 950 Laicns
779 893 829 964 sit,
845 899 952 967 prater
964 891 1023 950 alias

87 977 245 1037 arbitrariae
258 994 357 1051 poenas
371 971 663 1030 excommunicationis
676 992 810 1048 poenam3
837 972 970 1031 Clericus
981 993 1022 1032 ve

87 1081 128 1131 ro,
143 1060 202 1116 sive
213 1057 394 1134 quiscumque
405 1053 543 1110 Sacerdos
553 1072 665 1128 poenam
676 1053 873 1131 suspensionis
882 1055 946 1130 ipso
959 1053 1023 1112 facto
1051 1050 1055 1149 I

87 1140 210 1209 incurrit,
236 1157 305 1215 quas
328 1154 428 1213 poenas
453 1134 587 1193 Pontilex
601 1134 653 1192 sibi
668 1144 750 1193 exoa
765 1136 923 1195 articulum
936 1139 1022 1194 mortis

89 1229 221 1280 reservat.

129 1303 184 1361 VI.
202 1301 267 1357 Duo
286 1318 367 1359 casus
381 1296 579 1355 dissolutione
592 1297 697 1373 passim
711 1297 912 1374 excipiuntur:
925 1297 1020 1375 primns

86 1394 139 1455 est,
153 1385 177 1440 si
201 1381 368 1458 stipendium
381 1378 527 1454 proveniat
549 1398 586 1435 ex
602 1378 752 1450 Beneficio,
780 1388 894 1455 partem
908 1379 1020 1440 retinere

87 1473 196 1544 potest3
219 1464 283 1540 quia
298 1460 483 1519 Beneficiatus
498 1467 542 1517 est
564 1459 703 1519 Dominus
716 1460 860 1518 fructuum
884 1458 1018 1532 Beneficii,

87 1548 203 1624 quinon
227 1550 333 1602 tantum
360 1542 461 1599 dantur
487 1560 538 1617 pro
565 1541 750 1600 celebratione
778 1541 951 1613 Missamm,
977 1545 1019 1601 rad

88 1629 171 1687 etiam
184 1647 236 1704 pro
250 1625 311 1682 aliis
323 1623 434 1681 tinibus.

129 1709 275 1767 Secundus
289 1725 370 1763 casus
384 1712 436 1776 est,
450 1703 562 1780 quando
574 1702 644 1760 dans
659 1703 828 1778 stipendium
837 1704 877 1762 ita
887 1703 951 1761 fieri
963 1723 1017 1780 per·

87 1790 180 1860 mittit,
194 1800 226 1846 ut
238 1787 349 1864 quando
362 1786 420 1856 dat,
432 1793 465 1842 ut
477 1785 528 1842 soli
555 1785 701 1861 accipienti
715 1785 787 1843 bene
809 1785 858 1856 sit,
870 1806 901 1844 r.
917 1805 947 1862 g.
962 1786 1017 1861 qnia

86 1891 201 1950 pauper,
215 1871 280 1946 quia
293 1866 525 1944 consanguineus,
540 1862 594 1923 &c
607 1866 635 1922 in
650 1865 698 1923 tali
713 1867 788 1924 enirn
800 1884 872 1924 casu
886 1867 938 1924 dat
951 1867 1016 1924 acci·

86 1955 171 2030 pienti
185 1958 351 2029 potestatem
374 1955 483 2025 partem
510 1947 639 2023 stipendii
652 1949 800 2019 retinendi,
820 1966 891 2005 casu
905 1966 962 2025 quo
973 1968 1018 2024 par

88 2037 209 2111 seipsum
223 2032 294 2089 forte
309 2050 364 2087 non
378 2030 414 2086 sit
427 2028 623 2086 celebraturus.

128 2116 256 2172 'Initium
277 2133 374 2170 casum
395 2112 516 2187 allegant
529 2109 622 2185 aliqui,
645 2110 668 2167 si
683 2110 739 2182 ille,
753 2110 797 2168 cui
813 2109 1018 2168 committimur

88 2196 187 2256 l'lissae
204 2194 387 2263 celebrandae,
400 2193 493 2267 plene,
513 2200 612 2268 sponte
626 2199 655 2248 et
667 2192 752 2249 libere
767 2191 926 2249 consentiat
938 2191 965 2246 in
977 2211 1014 2248 re·

86 2281 236 2336 tentionem
259 2274 346 2353 partis
372 2273 518 2348 stipendii:
541 2273 590 2329 sed
604 2272 669 2348 quia
689 2273 855 2350 regulariter
877 2272 1016 2349 contingit,

87 2363 160 2439 quod
174 2362 220 2416 illa
233 2357 318 2434 partis
334 2355 497 2412 condonatio
512 2373 567 2410 non
582 2353 619 2409 sit
632 2354 743 2410 omnino
758 2361 786 2411 et
810 2354 895 2428 plene
910 2363 1015 2430 sponta-

87 2464 149 2511 nea,
160 2442 223 2497 ideo
238 2442 307 2497 lianc
318 2436 428 2512 praxim
439 2455 476 2493 ex
491 2434 673 2492 communiter
686 2434 875 2492 accidentibus
890 2434 1014 2512 prohibu·

87 2515 472 2585 ernntSuinmil'ontifices3
501 2525 529 2572 ct
556 2516 667 2592 quidem
683 2515 851 2573 Benedictus
864 2515 955 2574 XIV.
973 2516 1014 2573 lib.

87 2606 115 2663 3.
138 2607 172 2662 de
186 2598 459 2677 Sacrr'ficr'oillr'ecae‚
475 2618 534 2674 cap.
551 2596 600 2654 22.
618 2597 704 2653 Num.
719 2599 747 2654 5.
773 2605 893 2655 testatur
906 2598 1015 2655 Sacram

89 2686 342 2764 congregationem
356 2680 513 2737 decrevisse
521 2678 566 2736 die
579 2677 627 2736 ⁶23.
661 2676 792 2755 Augusti,
806 2679 871 2735 anni
890 2677 976 2736 1664.
989 2688 1015 2737 nt

85 2766 229 2826 Sacerdoti
253 2765 289 2822 ad
315 2762 472 2820 faciendum
499 2758 615 2817 Sacrum
640 2757 790 2836 subrogato
803 2767 895 2817 totum
919 2760 1015 2836 stipen-

85 2852 160 2907 dium
172 2847 337 2915 conseratur,
358 2844 423 2901 licet
435 2842 458 2898 is
474 2861 533 2898 rem
547 2850 633 2897 totam
646 2841 729 2916 plcn‘a
743 2842 861 2914 noverit,
885 2849 917 2900 et
929 2849 1014 2901 mma!

85 2930 182 2993 minori
197 2949 227 2986 se
238 2926 374 3004 stipendio
394 2931 554 2981 contentum
566 2922 694 2980 fateatur.

127 3013 183 3082 tin,
198 3013 221 3066 si
235 3029 306 3065 unus
318 3014 394 3084 petat
403 3005 524 3062 Missam
537 3023 588 3079 pro
601 3003 742 3073 defuncto,
756 3010 785 3060 et
804 3003 875 3061 altar
885 3023 939 3080 pro
954 3025 1013 3062 con·

88 3095 215 3151 versione
239 3087 401 3166 peccatoris,
430 3106 486 3142 non
507 3085 595 3162 possit
616 3084 777 3142 satisfacere
791 3084 903 3162 utrique
916 3085 1014 3165 obliga·

85 3177 151 3232 tiorii
166 3193 216 3250 per
229 3172 339 3228 unicam
350 3169 480 3238 Missam,
491 3166 654 3243 applicando
665 3165 795 3223 defuncto
808 3167 931 3223 linctum
940 3168 1013 3225 satis·

84 3256 237 3321 tinctorium,
253 3263 283 3309 et
296 3250 373 3308 alteri
394 3245 632 3325 impetratoriumi

128 3337 164 3395 It.
183 3336 209 3392 N
213 3334 340 3412 egative:
361 3331 426 3407 qnia
436 3329 624 3406 unusquisque
639 3334 767 3386 censetur
779 3336 874 3406 petere
887 3329 1017 3406 applicari

87 3419 137 3475 sili
152 3417 250 3493 integri
262 3412 395 3471 Sacrificii
405 3412 533 3468 fructum.

127 3500 173 3556 An
187 3497 336 3567 Sacerdos,
350 3495 396 3571 qui
411 3494 503 3552 solnm
517 3490 658 3568 obligatur
669 3490 811 3549 celebrare
825 3489 854 3548 in
867 3497 947 3550 certo
957 3491 1017 3548 Ioco

84 3601 136 3659 pro
150 3578 345 3639 commoditate
357 3577 452 3654 populi
465 3593 529 3632 cuin
541 3571 695 3631 intentione
705 3572 801 3647 libera,
813 3572 941 3648 utaiunt,
954 3590 1014 3650 pos·

74 3666 116 3727 sit
136 3663 254 3746 insuper
267 3659 346 3725 aliud
360 3656 532 3741 stipendium
542 3652 696 3732 acciperet
736 3700 739 3705 .

726 3902 758 3926 Χ
