2130 3990
392 187 434 230 na
449 185 665 229 anoaaursom.
936 168 993 231 281

57 411 98 472 N.
116 410 170 473 22.
189 413 421 475 PROBATUR
443 413 553 472 IDEM
576 410 736 472 DOGMA
758 411 816 472 EX
837 410 991 472 VERBIS

361 493 694 556 INSTITUTIONIS.

244 675 271 736 1.
286 675 435 736 Probatur
448 696 485 735 aa
499 675 591 734 verbm
604 678 809 736 institutionis.

100 859 234 919 Eanum
248 858 349 918 verba:
374 858 443 918 Hoc
456 866 502 918 est
518 858 632 937 Corpus
644 879 735 921 mcum
748 884 758 918 :
773 860 900 920 1Ηιόιιιιτ
915 861 989 921 San-

52 943 134 1017 gato
148 959 239 1013 mene,
255 941 371 1000 itribus
383 940 570 1019 Evangelistis
585 939 736 1012 Matheo,
752 942 850 1001 Marco
863 944 990 1014 ethoa,

53 1033 146 1101 atque
159 1022 196 1081 ab
216 1022 356 1101 Apostolo
381 1021 404 1077 l.
419 1021 456 1079 ad
478 1020 540 1079 Cor.
557 1020 604 1078 11.
630 1025 730 1091 relata,
749 1022 902 1081 clarissima
915 1032 989 1090 sunt,

53 1106 130 1162 etin
158 1122 242 1162 sensu
254 1105 373 1182 proprio,
395 1100 515 1160 naturali
543 1112 572 1159 et
585 1102 663 1162 obvio
676 1104 819 1163 intellecta
839 1106 991 1183 important

52 1183 163 1242 realem
192 1188 370 1262 praesentiam
396 1181 527 1262 Corporis
548 1193 576 1241 et
599 1183 747 1262 Sanguinis
774 1184 826 1243 sub
839 1183 987 1264 speciebus

53 1260 145 1323 Panis
159 1274 189 1323 et
202 1264 287 1334 Vini;
309 1267 388 1344 atqui
402 1265 484 1322 verba
497 1266 538 1322 sio
558 1263 662 1326 debent
674 1265 800 1343 intelligi,
821 1286 878 1324 non
893 1273 989 1325 autam

52 1345 207 1425 improprie
222 1355 251 1405 et
263 1343 392 1423 figurate.

97 1426 238 1485 Probatur
254 1426 290 1485 1⁰·
308 1427 355 1484 Ex
369 1424 673 1504 regulainterpretandi
688 1425 860 1506 Scriptorum
870 1427 987 1487 Sacram

53 1509 216 1580 rectissima,
238 1527 320 1585 quam
348 1508 432 1567 tradit
456 1506 486 1564 S.
515 1506 636 1584 August.
662 1507 709 1566 lib.
733 1507 762 1565 3.
787 1508 823 1569 de
851 1511 988 1569 Doctrina

56 1586 231 1653 Christiana,
256 1610 316 1670 cap.
335 1588 382 1646 10.
406 1589 513 1647 seilicet
525 1589 606 1647 verbe
629 1588 775 1668 Scriptura
790 1592 818 1648 in
833 1593 944 1668 proprio
957 1600 987 1648 et

56 1670 176 1728 naturali
202 1689 286 1728 senen
310 1668 494 1748 intelligenda
520 1686 591 1743 esse,
612 1671 719 1748 quoties
747 1669 817 1728 nihil
830 1673 984 1741 continent,

57 1749 180 1827 quad'ad
195 1770 307 1810 morum
319 1751 496 1809 honestatem
519 1759 569 1810 aut
581 1748 648 1808 fidei
664 1752 807 1810 veritatem
821 1751 916 1810 referri
929 1771 986 1810 non

58 1831 150 1909 possit,
170 1852 221 1891 san
235 1833 346 1911 quoties
361 1829 429 1890 nihil
444 1831 536 1890 obstat
552 1835 579 1890 in
596 1835 782 1890 contrarium:
804 1852 881 1910 ergo,
901 1830 956 1891 &a

96 1911 142 1968 2⁰·
157 1912 206 1971 Ex
220 1913 443 1982 circumstantiis,
465 1932 528 1991 qna
542 1931 639 1970 omnes
660 1915 859 1992 conspirantia
872 1932 986 1973 sensum

59 1996 199 2074 proprium
212 2002 241 2053 et
253 1994 424 2064 naturalem;
440 1991 571 2052 Christus
581 1995 657 2052 enim
669 1992 808 2054 condebat
816 1995 983 2054 Testamen-

60 2080 125 2142 tum,
156 2075 369 2134 Sacramentum
397 2074 567 2143 instituebat,
597 2073 701 2152 Legem
730 2073 871 2133 sanciebat
894 2074 984 2152 jnxta

59 2153 125 2214 illud
151 2153 258 2214 Lucae:
289 2155 358 2214 Hoc
370 2153 472 2234 facite
495 2159 524 2213 in
547 2175 639 2214 meum
664 2159 960 2215 commemorationem
969 2178 982 2224 ,-

58 2233 160 2314 dogma
186 2235 328 2314 singulare
341 2236 478 2308 tradebat,
500 2244 529 2295 et
552 2239 654 2295 amicos
675 2238 796 2296 instante
811 2245 900 2295 morte
913 2237 983 2296 allo·

56 2317 212 2396 quebatur;
235 2320 312 2395 atqui
326 2317 387 2376 hec
401 2321 497 2376 omnia
509 2315 570 2376 fieri
586 2315 685 2385 solent,
697 2319 812 2396 proprisi
825 2316 945 2377 naturali
959 2327 988 2380 at

52 2398 136 2457 obvia
148 2399 299 2469 locutione,
321 2419 376 2457 nou
392 2398 587 2478 metaphoricis
600 2407 650 2456 aut
662 2400 800 2476 fifflratd:
821 2418 886 2476 ergo
901 2394 957 2459 &a

89 2478 137 2537 3⁰·
162 2479 260 2538 Verba
282 2479 331 2540 illa
345 2478 421 2538 dicta
443 2488 509 2538 sunt
521 2480 584 2552 illis,
605 2479 705 2558 quibus
722 2480 767 2557 (ut
781 2479 881 2539 dicitur
895 2480 983 2539 Lucre

49 2579 114 2640 cap.
130 2558 159 2616 8.
174 2581 200 2618 v.
218 2557 280 2640 10.)
303 2559 472 2619 Datamen
499 2579 585 2620 nosse
598 2560 776 2637 Myetoriunt
793 2559 900 2637 Regni
912 2561 984 2633 Dei,

48 2644 165 2699 coeteris
178 2647 274 2700 autem
288 2641 318 2699 in
327 2640 488 2720 parabolis,
509 2661 578 2720 quaa
592 2643 677 2700 etiam
694 2641 847 2720 Discipulis
860 2661 984 2700 seorsum

49 2722 182 2781 Christis
205 2724 315 2782 solebat
337 2722 497 2801 explicare;
520 2726 574 2781 boe
596 2733 693 2781 autum
716 2721 765 2780 hie
779 2722 886 2781 laetum
899 2720 984 2780 fuisse

48 2803 152 2863 nullibi
166 2803 277 2880 legitur.

89 2883 133 2940 4ο·
152 2885 220 2944 Plus
242 2885 328 2962 quim
349 2883 468 2963 liguram
492 2883 624 2963 Corporis
648 2892 677 2941 et
703 2883 852 2962 Sanguinis
876 2882 983 2944 Christi

49 2969 207 3023 necessario
233 2969 370 3035 evincunt,
392 2985 454 3044 qnae
473 2963 553 3023 addit
573 2965 724 3044 Apostolus
739 2965 773 3023 de
787 2972 919 3022 sumente
933 2967 978 3022 in·

50 3046 136 3122 digne
151 3047 205 3105 hoc
219 3044 451 3106 Sacramentum:
468 3045 551 3104 Reno
561 3048 616 3104 erit
634 3047 806 3123 Corporieet
818 3047 984 3121 Sanguinis

51 3125 183 3184 Domini.
219 3126 302 3200 Item,
321 3127 554 3194 Quimanuncnr
566 3136 593 3183 et
604 3126 676 3185 bibit
688 3126 985 3206 o'ndegne,judicium

50 3206 111 3266 sibi
120 3208 282 3267 manducat
296 3215 324 3268 et
337 3207 419 3281 bibit,
442 3226 499 3266 reon
514 3207 684 3286 dzj'ndicuns
699 3209 808 3285 Corpus
825 3207 953 3266 Domini.

91 3287 243 3366 Objiciunt
261 3289 408 3358 Haeretici,
430 3288 506 3365 qubd
530 3291 558 3346 in
584 3290 672 3348 verbis
694 3288 789 3348 formae
809 3288 921 3346 verbum
938 3293 984 3346 est

49 3379 179 3428 sumatur
192 3371 343 3451 improprie
357 3390 405 3448 pro
419 3371 593 3447 signyicnt:
607 3370 732 3430 similiter
743 3378 773 3429 ut
784 3369 869 3426 Luca
878 3388 940 3448 cap.
951 3368 985 3427 8.
1008 3378 1019 3437 ἦ

51 3469 76 3508 ν.
92 3449 137 3510 ll.
153 3470 249 3511 sennen
260 3457 304 3510 est
314 3450 428 3510 uerbum
442 3451 510 3511 Dei.
531 3452 620 3512 Jcan.
635 3471 695 3531 cap.
707 3451 754 3509 15.
764 3471 787 3508 ι.
799 3454 824 3509 l.
836 3448 906 3528 Ego
916 3466 987 3509 eun
1006 3442 1019 3535 l
