2130 3990
253 281 258 297 ,
363 239 405 283 ne
428 237 678 287 recanusrronrr.
947 219 986 287 13

90 388 163 466 Obj.
185 385 345 448 Inesrnstio
358 392 401 446 est
413 405 483 452 onus
498 388 518 418 “
531 383 569 445 ad
581 384 697 461 extra;’'
719 387 798 465 atqui
813 401 898 464 opera
911 389 932 428 ‘⁴
947 383 987 446 ad

48 469 155 531 extra”
178 475 245 530 eunt
268 468 322 528 toti
342 453 537 527 sanctissimas
561 464 694 529 Trinitati
718 466 986 543 eommuniatergo

52 570 153 611 omnes
165 557 222 610 tres
238 549 448 625 Personoelsunt
460 549 622 608 incarnatus.

95 632 134 693 R.
151 631 236 711 Nego
250 630 496 709 consequentiam:
517 626 629 696 &drea
650 629 728 712 quod
742 647 840 690 omnes
852 632 906 688 tres
920 626 987 687 Per·

52 731 130 771 sona
144 711 257 792 quidem
271 709 348 772 illem
363 710 496 769 unionem
519 707 664 773 effecerint
683 722 819 788 tanquam
834 728 902 788 opus
917 711 936 742 “
949 706 987 768 erl

53 803 138 853 extra
146 793 171 866 ;’'
184 791 234 852 sed
246 790 297 851 illa
309 793 377 851 unio
407 791 518 851 roximlr
528 800 557 850 et
565 792 732 855 immediate
740 793 889 853 terminata
897 795 941 849 est
949 788 988 850 ad

54 873 280 954 personalitatem
293 891 342 932 eeu
356 810 519 932 relationem
536 871 620 944 Filii;
636 895 701 954 qun
715 874 826 934 realiter
838 871 987 951 distingui·

54 965 101 1014 tur
113 955 263 1025 &Persona
272 954 363 1014 Patris
374 961 404 1011 et
412 951 536 1033 Spiritus
543 953 659 1026 Saueti;
675 963 704 1015 et
714 955 836 1015 siosolus
848 951 936 1013 Filius
943 961 989 1012 eet

54 1039 224 1105 inearnatrrs.
238 1034 404 1096 etChristus
413 1033 524 1104 linitur,
540 1054 597 1095 non
608 1035 693 1096 Peter
705 1054 757 1094 nee
767 1036 887 1117 Spiritus
897 1035 987 1093 Sano-

56 1127 110 1176 tus.
155 1117 291 1177 Rationm
305 1118 502 1194 nongruentire,
523 1134 610 1196 quare
622 1121 716 1198 potius
744 1116 832 1176 Filius
846 1117 884 1176 sit
896 1117 987 1175 innar-

56 1206 151 1268 netns,
162 1200 249 1276 quim
262 1195 400 1257 Patervel
408 1194 529 1275 Spiritus
536 1198 666 1267 Sanetus,
675 1197 872 1277 hasallegatS.
879 1195 989 1257 Thon.

56 1285 154 1356 quassi.
167 1278 199 1337 3.
212 1285 264 1338 ert.
279 1279 308 1337 8.
323 1279 445 1337 seilicet:
461 1284 493 1336 nt
506 1280 554 1363 qui
568 1278 656 1341 Filius
670 1289 713 1340 set
728 1279 795 1354 Dei,
811 1280 898 1339 Filius
911 1277 991 1338 fieret

56 1358 197 1431 hominis;
212 1358 315 1420 deiude
328 1359 418 1418 Filius
428 1361 534 1418 ratione
547 1361 734 1441 generationis
747 1360 908 1420 estmedius
917 1361 990 1423 inter

58 1441 175 1499 Patrem
189 1446 219 1500 et
232 1439 369 1519 Spiritum
380 1439 528 1513 Sanctum,
547 1440 674 1521 adeoque
688 1443 716 1500 in
732 1450 832 1503 natura
844 1448 991 1521 assumpte

56 1523 158 1583 merito
172 1529 216 1581 est
228 1519 371 1580 Mediator
383 1521 457 1580 inter
470 1522 567 1585 Deum
579 1531 609 1582 et
621 1522 760 1583 homiues.

231 1683 273 1743 N.
288 1680 317 1740 7.
334 1682 392 1743 DE
413 1682 611 1745 PERSONA
632 1682 820 1745 CHRISTI.

393 1844 424 1905 8.
442 1843 540 1906 Thoar.
555 1855 626 1926 pest
638 1852 667 1908 2.

58 2009 85 2073 1.
111 2007 151 2069 In
180 2005 296 2067 Christo
317 2025 375 2066 non
398 2017 442 2067 eor
455 2006 730 2070 Personahemono
743 1998 797 2069 aed
809 2008 924 2071 diuino.
946 2009 990 2073 11.

102 2089 196 2158 Quod
205 2097 248 2148 est
260 2094 365 2148 eontra
377 2086 559 2148 Nestorium.
581 2091 636 2150 ΙΙΙ.
655 2091 806 2161 Quomodo
816 2090 892 2150 Dino
903 2094 991 2168 virgo

99 2175 145 2230 eit
165 2169 268 2229 Mater
288 2168 358 2232 Dei.
390 2170 444 2230 lV.
468 2170 602 2232 Peteona
625 2172 885 2232 Chrestr’eeieerto
902 2192 992 2232 serrare

102 2252 272 2331 conposito.

103 2333 193 2394 Oura
207 2340 250 2392 est
259 2330 410 2392 Christus?

102 2413 143 2473 R.
157 2412 400 2493 mopseustiam
413 2411 499 2472 Verbi
512 2419 666 2474 sustentans
679 2423 806 2475 naturam
821 2414 992 2475 humanam:

62 2515 113 2553 seu
127 2496 213 2555 etiam
227 2494 379 2573 vulgarius,
389 2503 433 2554 est
444 2494 569 2554 secunda
580 2499 609 2555 in
624 2498 766 2557 Trinitate
781 2496 915 2571 Persona,
930 2517 993 2576 qun

62 2578 91 2635 in
103 2585 230 2655 tempore
239 2578 522 2654 assumpsitnaturam
536 2575 699 2637 humanam.

103 2658 183 2727 Quot
194 2665 261 2715 eunt
275 2656 404 2716 Personae
417 2660 445 2716 in
462 2656 597 2716 Christo?

108 2740 148 2797 ll.
172 2735 359 2797 Unascilicst
372 2738 495 2797 Persona
508 2739 612 2796 Divina
625 2739 690 2798 Filii
702 2741 768 2803 Del.

107 2819 153 2878 An
165 2819 249 2896 igitur
262 2821 289 2876 in
307 2819 420 2878 Christo
433 2839 489 2878 non
503 2828 545 2876 est
559 2820 681 2879 Persona
692 2821 838 2880 humane?

108 2900 132 2957 l.
150 2898 188 2958 R.
206 2898 346 2978 Negative
358 2920 365 2970 ;
379 2899 427 2958 sed
441 2898 533 2958 losum
547 2899 606 2978 ejus
615 2902 729 2981 -supplet
741 2904 867 2962 Persona
874 2903 992 2972 Divina;

66 2982 173 3040 etenim
187 2980 424 3039 naturahumana
434 2983 463 3040 in
478 2979 590 3040 Christo
598 2983 722 3045 subsistit
730 2993 759 3043 et
767 2990 938 3043 sustentatur
946 3004 997 3064 per

68 3062 225 3121 Personam
242 3061 314 3133 hilii,
333 3082 389 3120 non
404 3080 453 3140 per
465 3061 688 3140 personalitatem
703 3065 876 3124 humanam:
891 3066 997 3125 ntideo

67 3163 125 3202 non
139 3142 215 3201 reete
231 3141 342 3209 dieitur,
356 3141 428 3220 quod
440 3142 566 3201 Verbum
577 3148 757 3224 assumpserit
780 3146 933 3219 hominem,
947 3146 997 3205 sed

68 3223 124 3282 dici
134 3222 229 3296 dehet,
250 3223 325 3299 qubd
339 3225 518 3301 assumpserit
530 3232 659 3283 naturam
674 3227 847 3285 humanam:
869 3236 897 3286 et
915 3247 996 3307 prop·

68 3314 147 3363 terea
162 3304 209 3363 hie
227 3323 331 3363 sermo:
355 3304 509 3363 “Verbum
524 3309 669 3385 assumpsit
688 3308 859 3380 hominem‚''
876 3308 996 3387 benigne

69 3385 156 3469 debet
165 3386 352 3464 interpretari3
368 3387 435 3464 quia
447 3406 503 3444 non
513 3391 663 3467 assumpsit
672 3389 826 3448 humanam
837 3409 995 3468 personam,

69 3465 119 3525 sed
134 3465 252 3525 tantum
266 3465 478 3525 humanitatem.

108 3547 158 3604 An
172 3566 187 3604 e
221 3567 238 3605 o
252 3546 379 3605 Christus
393 3568 448 3606 non
461 3555 504 3608 est
513 3569 592 3608 verus
607 3550 714 3610 homo?

111 3627 189 3686 R.A
224 3624 346 3688 rmatisb:
379 3629 558 3699 Quiehabei
584 3637 669 3690 totam
695 3635 843 3693 essentiam
867 3633 998 3700 hominis,

69 3711 254 3788 oompoeitum
267 3709 374 3770 scilieet
385 3731 421 3769 err
434 3712 530 3770 anima
542 3720 571 3770 et
581 3732 705 3794 corpore,
720 3714 805 3775 homo
819 3724 917 3774 autem
930 3716 999 3773 dici·

70 3801 114 3850 tur
128 3792 221 3849 omnir
230 3789 287 3862 ille,
308 3791 459 3870 quilebet
471 3802 606 3858 naturam
621 3795 794 3861 humanam.
818 3797 1019 3861 Personslitas
