2130 3990
255 223 297 267 os
316 222 534 268 menenensis
553 220 588 263 ru
610 219 751 263 causas.
906 198 962 263 125

72 370 150 441 Quis
163 366 266 430 dicitur
280 368 412 429 Minister
422 366 566 441 toleratus,
585 368 646 446 quis
658 386 713 426 uon
726 365 884 427 toleratas?

75 448 120 511 11.
148 451 186 511 R.
216 451 296 511 Prior
316 451 430 522 dicitur,
448 451 495 526 qui
516 448 605 507 sicab
622 448 750 506 Ecclesia
762 446 905 515 toleratur,
928 455 961 506 ut

49 532 115 592 'itari
127 552 187 592 non
202 530 304 592 debeat
316 533 336 590 d
347 529 495 601 fidelihus3
516 548 572 588 non
584 528 717 587 toleratus
725 531 883 605 antern‚qni
895 548 921 586 v.
933 548 960 606 g.

49 608 408 673 sbexcommnaieationem
421 613 462 671 sic
475 611 554 670 vitari
567 609 659 683 debet,
679 618 712 667 ut
729 628 794 667 cnm
807 628 842 668 eo
853 628 910 667 nen
924 606 957 667 li-

49 702 98 755 aeat
109 696 326 753 communicare.

75 774 218 847 Quisnam
239 783 334 833 antem
355 771 440 831 hodie
459 774 499 831 sie
520 773 602 830 vitari
615 770 724 840 debeat,
746 771 804 829 erui
819 768 901 828 debet
918 791 956 829 ex

49 852 174 916 Tractstu
190 857 227 915 de
243 856 391 927 waaris,
403 861 433 912 et
447 856 601 932 praesertim
614 873 652 911 ex
667 873 728 933 cap.
744 851 793 910 An
808 866 956 924 Vrsinus,

49 936 110 1013 qood
123 934 191 997 vida
202 956 279 995 aum.
292 936 358 993 105.
372 936 407 993 de
421 933 609 993 Sacramenta
619 935 814 992 Poenitentr‘oe.
832 932 889 990 Hic
904 954 954 991 au-

49 1030 91 1077 tm
103 1036 143 1077 ex
162 1017 213 1077 iiio
226 1016 350 1096 capitulo
363 1018 524 1076 summatim
537 1016 665 1088 dicimus,
685 1013 758 1092 qudd
772 1032 857 1072 nemo
871 1013 955 1072 hodie

49 1100 142 1157 anseri
154 1095 257 1157 debeat
270 1097 307 1156 ob
321 1116 468 1156 censuram
482 1117 539 1156 non
553 1096 684 1155 toleratus
696 1114 745 1153 seu
756 1093 891 1167 vitandus,
902 1096 955 1152 nisi

84 1178 194 1249 cialiter
211 1188 241 1239 st
259 1195 389 1257 expresse
410 1177 476 1237 talis
489 1177 666 1236 denuntiatus
680 1177 717 1234 sit
728 1194 779 1254 per
790 1176 956 1235 sententiam

49 1198 165 1330 πᾶἰοίες
186 1261 311 1339 quinimo
322 1258 352 1318 id
360 1262 445 1318 etiam
454 1260 570 1336 requirit
584 1258 723 1316 Daeiman
737 1264 767 1313 et
779 1256 828 1314 eiii
842 1275 891 1335 pro
904 1276 954 1316 no·

48 1340 225 1401 micelenei
240 1341 410 1399 Parcussore.
458 1341 515 1399 His
529 1339 684 1416 praemissis,
700 1338 853 1415 quaeritur:
903 1358 906 1365 ·

75 1420 182 1483 Utrum
195 1422 379 1481 Sacramenta
390 1426 485 1500 petere
496 1421 581 1479 liceat
592 1422 610 1477 a
620 1418 695 1478 maio
709 1418 841 1477 Ministro
853 1419 864 1472 ἓ

78 1500 118 1563 R.
139 1502 217 1561 cum
240 1502 450 1560 Sacramentum
472 1504 507 1560 sit
527 1521 570 1559 res
584 1520 676 1580 perse
689 1499 772 1572 bona,
792 1518 855 1576 quae
877 1498 956 1558 licite

48 1584 162 1643 aerari
193 1590 303 1662 potsst3
337 1590 366 1642 et
383 1584 454 1641 sicut
474 1580 577 1641 utilitas
600 1582 749 1659 spiritualis
773 1582 957 1658 suscipientis,

48 1666 122 1723 itiam
140 1663 322 1743 prandeatur
334 1672 479 1742 peccatum
496 1662 619 1721 Ministri
631 1660 745 1740 indigne
760 1662 955 1719 ministraturi:

48 1746 105 1805 riae
127 1750 188 1805 tota
207 1744 337 1804 resolutio
359 1743 462 1823 pendet
484 1746 503 1802 ia
521 1743 749 1821 justitiaene,
771 1760 854 1820 quam
868 1742 957 1801 habet

48 1826 190 1907 accipiens
212 1834 242 1885 et
263 1827 304 1883 sic
325 1833 424 1904 petens
444 1824 655 1882 Sacramentum
678 1824 696 1880 d
717 1821 791 1881 malo
805 1822 956 1893 Ministro;¹

48 1905 114 1967 rods
122 1908 147 1967 si
159 1904 233 1967 adsit
240 1904 318 1985 justa
328 1924 420 1971 causa.
432 1912 501 1963 tune
513 1905 579 1962 talis
591 1905 690 1983 petitio
703 1903 779 1962 licita
790 1911 840 1973 est,
855 1902 956 1962 eodem

48 1986 121 2049 nodo
134 2006 192 2067 quo
205 2006 270 2047 curn
281 1986 361 2065 justa
373 2006 459 2044 causa
471 1986 538 2045 licet
547 1994 639 2063 petere
648 1984 839 2064 juramentum
848 1986 867 2041 ri
876 1984 955 2063 jura-

48 2080 102 2128 trro
114 2088 164 2150 par
175 2066 260 2129 falsos
273 2069 360 2141 Deos,
371 2074 399 2126 et
414 2074 544 2126 mutuum
554 2065 590 2124 ab
601 2084 644 2136 eo,
654 2067 702 2145 qui
715 2084 771 2124 non
786 2074 829 2124 est
843 2064 957 2124 daturus

48 2150 93 2209 risi
105 2148 158 2209 snb
172 2168 264 2211 usura

81 2230 122 2291 Er
132 2228 201 2289 hinc
210 2229 381 2291 resolvuntur
392 2229 544 2305 sequentis.

48 2346 51 2351 ·
79 2310 188 2371 111.1··
212 2311 246 2371 in
259 2329 326 2370 casu
339 2311 509 2370 necessitatis
522 2316 656 2367 extremae
680 2306 725 2383 (nt
743 2308 810 2369 dum
826 2308 957 2388 quissine

47 2390 189 2473 Baptismo
202 2400 252 2451 aut
265 2393 432 2452 Paenitentia
445 2388 605 2468 moreretur)
618 2390 725 2449 licitum
738 2398 780 2451 est
792 2392 959 2449 Sacramen-

47 2479 100 2532 tum
116 2472 255 2552 Baptismi
277 2480 305 2531 et
324 2473 499 2532 Poenitentiae
512 2473 532 2529 ri
546 2471 676 2529 Ministro
690 2472 774 2542 maio,
796 2473 880 2530 etiam
902 2490 960 2528 nou

47 2552 171 2623 tolomto,
224 2562 282 2613 tere
294 2564 324 2613 et
336 2557 467 2633 recipere,
481 2554 506 2610 si
520 2552 592 2610 absit
604 2551 681 2611 alius.
706 2550 758 2613 lv.
775 2553 820 2611 Ita
833 2550 868 2609 de
882 2552 958 2630 Bap-

47 2636 124 2694 tismo
137 2573 225 2693 tradi
236 2635 265 2696 S.
279 2636 351 2713 Aug.
366 2634 414 2693 lib.
428 2632 454 2690 l.
468 2634 504 2692 de
516 2632 669 2714 Bapts'smo
683 2640 779 2692 contra
788 2633 959 2700 Donatistae,

47 2734 103 2795 cap.
116 2714 149 2773 2.
160 2724 188 2776 et
200 2712 300 2777 eadem
310 2726 350 2774 est
359 2717 431 2775 ratio
440 2714 476 2773 de
484 2715 668 2773 Sacramenta
680 2715 871 2773 Poenitentiae:
886 2711 962 2772 unde

48 2795 135 2855 conc.
151 2795 230 2854 Trid.
244 2816 310 2856 sess.
328 2795 373 2854 14.
389 2816 450 2874 cap.
466 2796 494 2855 7.
509 2797 545 2854 de
557 2797 736 2853 Poenr'tenlia
749 2793 882 2862 declarat,
895 2803 963 2851 tunc

47 2896 141 2935 omnes
154 2877 318 2936 Sacerdotes
330 2877 467 2958 quoslibet
479 2876 644 2957 poenitentes
657 2874 825 2954 aquibusvis
838 2877 962 2954 pcccatis

49 2967 74 3016 et
82 2959 207 3016 censuris
220 2957 361 3017 absolvere
374 2977 460 3039 posse.
812 3003 817 3010 .

83 3038 202 3176 chetno
230 3039 248 3095 ὲ
269 3039 402 3099 Ministm
422 3058 479 3098 uon
499 3038 614 3098 tolerato
633 3037 691 3097 alia
710 3039 892 3097 Sacramenta
912 3056 962 3114 pe-

84 3198 122 3257 V.
147 3198 186 3256 R.
209 3198 367 3276 Negativd:
399 3199 466 3259 Non
495 3201 607 3259 tantiam
627 3200 657 3259 id
678 3220 733 3259 non
754 3199 820 3258 licet
839 3200 867 3255 in
889 3197 964 3273 gravi

52 3281 150 3338 neceasi
156 3287 214 3336 tate
230 3279 368 3358 (quamvis
380 3279 408 3337 id
422 3279 535 3359 qnidam
548 3282 645 3356 veiint)
656 3280 705 3340 sed
717 3299 767 3338 nec
781 3283 809 3338 in
820 3285 962 3335 extrema:

52 3361 116 3439 quia
138 3380 193 3417 non
219 3369 286 3418 sunt
307 3369 394 3418 tantae
419 3364 595 3431 necessitatis,
617 3372 649 3421 ut
671 3360 788 3440 praefata
810 3359 883 3427 duo;
911 3376 965 3415 nec

53 3439 185 3505 Ecclesia,
207 3460 271 3519 quae
292 3441 421 3520 prohibet
438 3461 501 3500 cum
516 3441 564 3501 iiio
581 3444 611 3500 in
625 3442 704 3501 rebus
718 3442 868 3519 presertim
882 3441 967 3496 sacris

52 3523 341 3591 communicationem,
362 3522 431 3581 aiios
444 3542 524 3580 casus
538 3523 585 3581 iric
599 3524 716 3598 excipit.

91 3602 236 3683 Exceptio
247 3609 341 3663 tamen
358 3601 422 3683 (sed
435 3602 516 3663 oasiis
528 3601 588 3663 fere
605 3601 814 3679 Metapirysici)
831 3599 972 3681 poniturri
