2130 3990
345 214 389 258 oa
407 212 584 258 merrrrcro
605 212 711 257 urana
933 196 997 260 3θῖ

56 361 164 419 anima
192 359 248 419 illa
267 363 327 420 sint
351 359 386 418 de
408 380 524 419 numero
547 360 735 438 reproborum.
759 378 829 417 nere
851 358 999 419 absorbeat

57 460 107 501 aas
120 450 249 513 tartarus,
269 442 359 500 sedin
372 444 465 500 sinum
481 444 535 500 reri
551 441 671 500 Abrabae
685 443 861 520 recipiantur,
883 441 997 519 perinde

57 532 92 587 ut
102 526 133 583 in
147 526 300 602 sequentia
313 543 365 602 pro
378 523 519 582 defunctis
531 525 561 581 in
575 523 879 602 personamorientium
890 523 996 580 ibidem

57 615 118 664 urat
131 605 288 664 Sacerdos:
320 605 380 662 Sed
402 611 435 661 ut
457 605 550 664 bonus
566 604 626 683 sue
648 603 788 680 benigne,
817 623 855 662 ne
870 608 996 684 perenni

58 704 172 744 mer
185 690 268 763 igne.

100 764 175 825 Vll.
190 769 233 826 pa
256 768 325 825 Non
339 766 453 826 offertur
464 768 574 826 Sanctis
589 765 686 824 Missae
700 765 894 841 Sacrificium
928 765 996 823 curn

57 849 92 907 rit
106 848 201 907 cultus
224 849 336 921 latriae,
357 850 405 927 qui
419 851 469 907 uni
494 851 557 907 Deo
571 847 701 904 debetur:
723 866 776 905 nec
802 847 918 906 effertur
945 865 995 920 pro

57 931 186 1000 Sanctis,
200 940 233 987 ut
245 940 289 988 est
303 933 524 1007 propitiatorium
538 939 586 987 aut
599 929 827 996 satisfactorium
850 931 916 1006 quia
929 926 996 984 cirta

57 1012 120 1069 Dei
134 1011 383 1075 risionefrunntur,
405 1009 445 1068 nil
468 1011 561 1090 eulpae
584 1010 626 1068 rel
641 1029 733 1088 poenae
745 1007 879 1068 luendum
903 1026 997 1086 super·

54 1099 112 1164 cat,
139 1111 234 1168 neque
248 1097 332 1151 etiarn
352 1100 385 1147 ut
402 1093 622 1171 impetratorium
637 1091 733 1166 gloria
747 1090 915 1159 essentialis;
931 1090 998 1166 quia

53 1171 144 1243 nibil,
161 1173 227 1231 Deo
240 1177 282 1232 sie
294 1173 452 1246 ordinante,
466 1175 560 1252 gloria
573 1173 714 1232 essentiali
728 1171 875 1252 superaddi
890 1177 995 1252 potest:

55 1257 132 1334 quia
142 1262 241 1313 autem
254 1257 349 1314 Sancti
361 1266 477 1331 possunt
499 1257 640 1330 acquirere
667 1273 767 1312 noram
780 1252 897 1330 gloriam
924 1251 998 1309 acci·

55 1335 216 1401 dentulum,
238 1346 269 1394 et
281 1356 317 1395 ea
329 1338 368 1396 de
380 1336 456 1395 facto
469 1339 537 1414 ipsis
548 1336 691 1404 accrescit,
706 1354 744 1392 ex
758 1354 802 1403 oo,
817 1333 892 1413 qued
907 1332 997 1391 Sacri·

57 1418 162 1477 ficium
175 1415 309 1476 offeratur
317 1420 385 1477 Deo
398 1421 426 1477 in
447 1419 596 1495 gratiarum
618 1418 758 1474 cerionem
770 1435 821 1495 pro
833 1433 930 1473 eonem
943 1413 998 1472 ric·

56 1499 300 1565 toriaatcorona,
321 1510 351 1558 et
373 1499 410 1556 ad
435 1497 645 1576 implorandum
668 1517 765 1555 eorum
779 1496 928 1565 auxilium,
949 1511 1001 1573 per

57 1577 137 1655 quorl
151 1580 326 1657 significatur
337 1581 400 1640 illos
411 1580 528 1638 multum
544 1578 691 1647 astimnrh
714 1577 781 1637 hine
799 1578 884 1655 aliqui
897 1577 998 1643 volunt,

59 1659 141 1739 quod
156 1679 207 1739 pro
230 1661 342 1721 Sanctis
356 1661 532 1719 Sacrificium
548 1660 580 1717 Μ
586 1663 646 1716 issa
661 1663 748 1737 possit
759 1658 852 1717 offerri
866 1668 899 1717 ut
911 1661 999 1736 impe·

60 1740 212 1801 tratorium
226 1744 303 1801 istius
318 1744 413 1820 gloriae
427 1741 625 1800 accidentalis:
647 1740 695 1798 alii
720 1739 901 1806 veredicum,
923 1736 1000 1818 quod

62 1823 123 1882 boc
136 1823 249 1901 proprie
263 1846 317 1883 uon
332 1827 370 1883 ait
382 1827 530 1901 impetrare
545 1820 667 1893 sancta,
688 1821 738 1880 sed
749 1822 843 1900 potiris
857 1820 935 1878 nobis
947 1821 999 1877 im·

62 1915 175 1985 petrare
189 1908 306 1980 gretiam
323 1915 354 1962 ut
377 1905 496 1963 Sanctus
509 1903 606 1962 debito
620 1902 724 1962 honore
738 1921 942 1981 prosequamur,
971 1907 1002 1957 et

63 2006 116 2045 nos
126 1983 230 2062 jurent
240 1989 297 2044 suis
309 1986 450 2065 precibus;
472 1987 543 2042 sicut
554 2005 610 2042 non
624 2003 737 2041 oramus
751 2003 801 2062 pro
818 1985 889 2051 Deo,
905 1991 938 2039 ut
950 1979 1001 2039 ali·

65 2067 134 2145 quid
148 2069 176 2125 ei
203 2069 394 2145 impetremus,
415 2067 481 2124 dum
497 2065 624 2144 quotidie
640 2064 775 2122 dicimus:
798 2062 1003 2138 Sunclficeirrr·

66 2166 172 2207 nomen
187 2153 287 2218 tnurn;
308 2150 356 2207 sod
368 2151 490 2227 petimus
503 2150 631 2225 gratiam,
655 2149 711 2223 quai
725 2155 785 2204 turn
797 2166 856 2216 nes,
879 2156 939 2204 tum
955 2141 1003 2202 alii

66 2247 135 2287 eum
150 2228 328 2298 honoremus,
350 2239 379 2288 et
392 2230 529 2286 Sanctum
549 2228 712 2285 babeamus.

108 2308 200 2368 Vlll.
219 2311 263 2367 3⁰·
279 2311 332 2369 Pie
345 2321 375 2368 et
388 2309 491 2368 utiliter
504 2329 554 2388 pro
565 2309 631 2366 solis
645 2307 792 2366 animabus
806 2309 834 2366 in
845 2303 1006 2386 purgatorio

69 2393 257 2449 existentibus
271 2391 386 2451 offertur
401 2390 577 2448 Sacrificium
592 2389 709 2447 Missae:
727 2390 858 2467 probatur
868 2408 904 2445 ex
915 2387 963 2444 lib.
973 2383 1004 2443 2.

71 2471 212 2532 Maebab.
227 2492 290 2551 cap.
308 2472 355 2531 12.
367 2472 415 2530 ubi
429 2470 541 2548 legitur,
555 2470 662 2530 ludam
681 2470 885 2528 lllaobabnum
892 2469 1007 2548 jussisse

70 2555 144 2613 orari
157 2563 187 2611 et
200 2557 345 2614 sacrificari
358 2574 405 2632 pre
416 2553 436 2609 J
441 2555 536 2620 udaeis
550 2554 636 2632 quiin
649 2551 730 2610 Belle
741 2551 902 2610 ceciderant
913 2570 918 2606 :
929 2555 1007 2628 patet

72 2637 157 2695 etiarn
171 2655 208 2693 ex
224 2637 342 2694 coneilio
356 2633 523 2693 Tridentino
536 2655 602 2691 sess.
616 2632 665 2691 22.
681 2652 743 2710 cap.
759 2633 787 2689 2.
803 2643 832 2690 et
847 2633 964 2690 Canens
974 2628 1004 2685 3.

72 2721 140 2776 item
154 2716 287 2794 probatur
300 2738 338 2774 ex
354 2720 435 2796 praxi
450 2725 478 2775 et
492 2714 638 2774 traditione
655 2713 806 2777 Ecclesiae.
827 2733 889 2792 qua
900 2727 1008 2788 sempor

73 2808 100 2856 et
111 2798 220 2876 ubique
233 2801 353 2856 serravit
366 2798 448 2855 ritum
464 2797 561 2855 orandi
576 2817 623 2876 pro
638 2797 771 2853 mortuis:
793 2815 858 2871 ergo
872 2800 936 2851 eum
950 2790 1007 2851 ida

73 2879 152 2938 nullo
167 2879 296 2938 Concilio
320 2887 459 2938 statutum
478 2879 598 2955 legatur,
621 2880 721 2935 merite
734 2877 770 2934 ab
784 2877 939 2956 apostolica
952 2880 1008 2932 tra·

71 2962 180 3020 ditione
194 2963 259 3018 oriri
269 2959 423 3038 judicetur.

67 3090 69 3097 ,
96 3036 100 3043 “
117 3041 206 3100 Porro
220 3041 366 3099 animabus
380 3040 564 3099 existentibus
577 3042 605 3098 in
621 3041 776 3118 purgatorio
790 3037 904 3118 prodest
915 3034 1010 3094 Sacri·

74 3123 175 3183 licium
203 3121 299 3184 Missoe
321 3122 505 3182 infallibiliter
523 3123 553 3179 in
581 3125 769 3180 remissionem
798 3137 945 3199 poennrum
971 3135 1011 3175 ex

74 3205 165 3343 pplpa
194 3206 371 3275 testantium,
399 3202 500 3263 saltem
528 3201 620 3279 quoad
635 3212 753 3283 partem,
780 3213 812 3260 ut
838 3199 944 3261 dictum
969 3204 1014 3261 ast

76 3330 90 3345 .
109 3305 172 3348 um.
193 3286 223 3349 a.

517 3415 580 3480 21
