2130 3990
368 175 410 217 na
432 173 649 217 sucaaarsrrn.
911 151 974 213 309

48 320 131 379 nalia
153 320 275 381 luxuriae
303 327 431 398 peccata,
453 321 525 397 putri
551 318 773 387 fornicationem,
793 314 973 381 adulterium,

50 401 204 473 nollitiam,
226 397 280 460 &c
305 401 374 480 lapsi
397 411 479 472 sunt;
501 404 554 460 etsi
577 404 683 459 interea
705 397 833 475 legitime
854 395 975 456 fuissent

48 481 174 542 confessi.
216 481 294 541 Vido
307 482 438 560 Steyaert
450 483 481 539 in
495 482 665 559 Appendr‘ce
678 480 715 539 ad
730 481 870 556 Wiggers.
927 526 937 544 ,

88 564 216 623 Peccatie
230 563 351 621 luxuriae
365 564 394 621 in
417 561 472 620 hac
494 572 575 642 parte
595 570 763 620 annumerat
774 561 905 637 Wiggers
919 556 975 615 alia

48 654 172 722 peccata,
188 663 253 722 quae
268 646 352 701 etiarn
369 663 483 700 causare
493 645 583 702 solent
593 645 808 720 gravemsensde
819 641 976 717 mentisque
1018 708 1022 713 ⁴

48 726 269 797 distractionem,
290 734 324 784 ut
334 733 402 784 sunt
415 744 511 802 gravas
524 727 569 783 irae
583 735 613 782 et
626 724 699 783 odia.

48 936 88 997 N.
96 937 146 996 39.
159 937 218 996 DE
229 937 425 996 PECCATO
434 935 482 996 IN
487 936 639 996 DIGNAE
650 932 843 995 COMMUN
848 931 976 992 IONIS.

257 1137 288 1197 S.
307 1138 405 1198 Tdom.
425 1144 521 1218 quast.
536 1139 587 1197 80.
603 1143 661 1198 art.
676 1140 695 1196 4
717 1145 746 1197 et
758 1138 787 1194 5.

57 1344 76 1403 l.
91 1343 224 1419 indigne
247 1343 461 1413 communicare
487 1343 528 1400 Il.
544 1341 602 1401 Est
624 1362 720 1420 grava
737 1349 903 1421 peccatam.
920 1341 978 1401 ΙΙΙ,

153 1423 296 1515 Graviora
309 1443 347 1481 erc
360 1423 481 1503 objecto,
503 1423 555 1482 IV.
572 1422 615 1482 Et
632 1426 870 1490 circumstantiis.

91 1629 115 1686 1.
131 1627 272 1686 lanians
300 1630 510 1686 communicare
545 1627 708 1707 simpliciter
734 1630 757 1686 is
784 1626 896 1695 dicitur,
933 1628 981 1706 qui

50 1711 180 1780 scienter,
201 1711 244 1767 vel
270 1729 306 1766 ex
322 1711 480 1786 ignorantia
500 1711 621 1785 graviter
635 1709 768 1787 culpabili
793 1710 983 1767 communicat

48 1791 76 1849 in
91 1799 212 1869 peccato
227 1789 346 1858 mortali,
374 1791 434 1847 sive
448 1790 594 1857 habituali,
614 1791 671 1847 sive
684 1790 796 1848 actuali.

88 1871 187 1932 erale
201 1881 228 1930 at
242 1878 378 1950 quantum
393 1881 540 1947 peccatum
554 1877 596 1930 est
618 1870 733 1948 indigna
747 1870 940 1929 Communio?

90 1951 134 2010 ll.
159 1952 196 2009 R.
235 1951 276 2008 l⁰.
308 1950 361 2008 Est
387 1950 563 2029 sacrilegium
596 1971 632 2009 ex
661 1951 772 2031 objecto
812 1973 864 2010 suo
900 1951 982 2010 valde

49 2052 147 2111 grave,
162 2041 222 2090 tum
232 2032 268 2089 oh
280 2035 318 2090 rei
327 2040 384 2090 tam
395 2032 490 2090 Sacrae
502 2031 645 2109 indignam
656 2036 861 2098 tractationem,
875 2039 934 2091 turn
944 2033 980 2090 ob

48 2115 125 2171 tanti
139 2115 314 2172 sacramenti
336 2113 568 2191 significationem
593 2113 777 2172 falsificatam.
807 2113 882 2173 Vide
895 2113 981 2172 latins

48 2194 81 2252 S.
94 2194 204 2253 Thom.
218 2194 314 2252 artat.
326 2194 353 2252 in
369 2195 456 2272 Corp.
470 2205 498 2254 et
512 2195 537 2251 l.
552 2193 597 2252 ad.
610 2194 675 2253 Cor.
686 2215 749 2274 cap.
762 2194 809 2254 ll.
819 2216 843 2252 v.
853 2196 913 2265 27,
924 2192 980 2253 &a

92 2274 154 2333 ΙΙΙ.
182 2274 265 2333 Licht
285 2293 367 2351 grave
380 2280 417 2334 sit
430 2277 498 2335 illud
509 2285 665 2355 peccatum,
680 2286 709 2335 et
721 2277 816 2335 multis
826 2276 888 2335 aliis
901 2297 980 2335 enor-

48 2357 129 2415 mius
141 2354 297 2415 secundum
311 2376 391 2415 suam
406 2360 544 2436 specienr;
566 2357 688 2419 ostendit
699 2366 794 2416 tamen
809 2357 840 2414 S.
855 2357 982 2416 Thomas

48 2447 103 2495 art.
117 2436 148 2495 5.
163 2439 192 2495 in
212 2436 296 2513 Corp.
313 2457 367 2495 non
382 2457 442 2496 esse
456 2441 581 2497 omnium
599 2441 808 2517 gravissimum:
829 2446 857 2498 et
875 2442 915 2498 sic
928 2441 983 2497 im-

48 2519 148 2596 primis
162 2518 238 2590 dicit,
264 2538 301 2575 ex
318 2518 428 2597 objecto
442 2521 566 2596 graviora
575 2540 643 2590 esse,
657 2540 720 2598 quae
735 2520 982 2580 immediatemm·

49 2601 200 2658 mittuntur
222 2602 251 2657 in
275 2601 363 2677 ipsam
388 2601 577 2670 Divinitatem,
601 2609 631 2659 ut
653 2610 695 2660 est
707 2601 855 2662 infidelitas
869 2610 898 2662 et
910 2601 982 2660 blae-

66 2680 175 2739 hemia
356 2692 362 2706 ‘

48 2701 67 2760 P
90 2760 136 2818 3⁰.
154 2759 374 2832 Graviorasunt,
397 2782 457 2840 quae
480 2760 641 2821 factasunt
665 2768 763 2829 contra¹
776 2762 981 2823 humanitatem

53 2840 163 2900 Christi
177 2843 204 2899 in
219 2841 441 2921 propriaspecie:
465 2843 531 2902 hinc
545 2844 635 2901 art.5.
648 2843 682 2900 ad
701 2843 727 2901 l.
742 2843 818 2915 dicit,
833 2853 983 2923 peccatum

53 2921 242 2980 occidentium
258 2922 400 2982 Christum
416 2925 502 2982 fuisse
516 2925 603 2983 multo
618 2926 740 3001 gravius.
784 2926 860 2985 Vide
873 2925 910 2984 ad
924 2927 954 2984 2.

93 3002 137 3064 3⁰.
154 3003 290 3062 Similiter
302 3005 339 3062 ad
353 3003 383 3063 3.
399 3004 490 3076 docet,
511 3006 624 3081 indignat
645 3003 851 3066 Communione
877 3007 983 3085 gravina

55 3103 109 3142 rem
124 3082 186 3142 sore
198 3084 415 3155 irreverentiam,
435 3087 492 3164 quat
505 3085 560 3144 hoc
575 3088 789 3146 Sacramentum
804 3087 984 3167 projiceretur

56 3163 208 3234 inlutum,
231 3174 280 3223 aut
293 3164 459 3243 objiceretur
482 3167 597 3226 canibus
621 3167 911 3242 admanducandum,
935 3177 984 3226 aut

59 3245 111 3304 alio
122 3246 240 3321 indigno
254 3246 339 3304 modo
352 3254 526 3308 tractaretur.

93 3326 148 3386 IV.
164 3332 210 3385 4⁰·
228 3327 309 3385 Licet
322 3347 358 3386 ex
378 3328 488 3406 ohjecto
511 3332 613 3388 sunsit
633 3332 739 3408 gravius
752 3333 873 3409 pcccatis
887 3341 984 3390 contra

61 3419 171 3466 crateras
185 3409 299 3466 virtutes
315 3408 451 3479 mosaica,
474 3419 566 3488 potest
578 3420 672 3469 tamen
697 3411 784 3470 levius
805 3433 864 3470 esse
878 3417 984 3472 ratione

61 3489 219 3548 nocumenti
246 3490 397 3549 aliarumve
420 3492 699 3565 circumstantiarum,
719 3512 781 3570 qnae
795 3506 941 3552 occurrunt
954 3495 982 3552 in

61 3570 119 3631 tliis
132 3573 266 3649 pcccatis,
280 3579 313 3628 ut
326 3570 489 3637 homicidio,
505 3572 653 3646 adulterio,
662 3572 715 3634 dic.
731 3575 841 3633 ntdicit
855 3575 986 3654 Sylvius:-

60 3650 133 3709 unde
146 3652 244 3728 regula
256 3654 289 3711 S.
301 3650 405 3711 Thom.
416 3661 467 3710 art.
481 3653 552 3711 5.=in
563 3654 648 3732 Cory.
660 3658 800 3733 proposita
810 3656 984 3716 debetintel·

59 3729 106 3810 ligi.
116 3732 153 3793 de
164 3734 304 3811 mandata
315 3736 425 3812 peccati
440 3733 606 3813 cnobjecto
620 3735 740 3796 tantiam.
