2130 3990
117 159 159 225 96
374 191 407 215 ·--=
430 182 627 229 =·raacrrrur
657 196 681 229 ;,,
707 210 788 225 .

120 376 161 467 u.
176 404 224 466 eu.
240 405 298 468 uu
315 358 1043 553 eurr1rffipppppun'sicuin'arrro

118 649 143 710 L
161 648 273 731 Graique
289 634 477 714 &emente
489 638 534 715 cet
551 652 657 715 Gratia
664 658 799 735 propriu.
833 655 876 716 11.
890 624 1040 721 Actuulr'n

154 730 213 793 tll.
228 738 257 791 et
282 732 450 795 intucta,
490 732 545 794 lv.
563 734 668 794 Gratia
675 739 798 815 propria
816 736 991 816 Baptistae:
1003 738 1039 801 V.

155 812 390 888 Corfimationi.
432 813 488 875 Vl.
502 815 714 877 necteretur.
751 816 827 879 vil.
840 817 1038 883 Pinnata.

151 892 239 992 Vlli.
253 884 396 956 Entienrae
415 894 564 958 Unctioni.
607 895 663 957 lX.
681 897 797 958 Ordtiri
818 896 859 958 X.
872 898 915 958 Er
928 898 1036 965 Matri·

151 994 259 1037 moneo.
490 1000 494 1005 ·
625 1002 628 1009 ¹
739 1005 741 1009 ·
786 1029 789 1036 .
822 1036 825 1041 ,
934 1023 938 1033 ,

125 1100 130 1183 i
152 1137 204 1198 An
228 1137 452 1221 unumquodque
472 1140 688 1201 Sacramentum
709 1138 1033 1207 conten-Gratantur
1060 1182 1063 1217 r

109 1237 250 1361 puppup?
260 1220 455 1376 iiffirmativi3
473 1303 547 1363 sicut
568 1302 645 1362 enim
664 1302 806 1379 singulum
819 1278 1038 1367 sacramentnm·

110 1381 265 1443 mentatum
278 1389 319 1443 eet
331 1382 367 1442 ed
381 1383 467 1453 linem
474 1383 634 1463 specialem,
654 1384 735 1442 itaet
747 1381 835 1443 babet
846 1382 1030 1465 effectus-spe·

110 1463 195 1523 eialee
209 1462 368 1523 conferendi
384 1463 496 1525 Gratiae
505 1464 548 1525 illi
559 1463 609 1523 fini
621 1462 828 1525 subservientes.
876 1508 880 1517 ·
897 1518 901 1526 ,

119 1584 128 1591 -
149 1542 258 1683 Quales?
278 1544 392 1605 Gratias
413 1545 549 1626 speciales
570 1544 676 1605 ueniet
698 1542 918 1625 unumquodque
935 1546 1029 1607 Same·

109 1633 243 1687 mentum.
282 1684 286 1689 .
324 1673 327 1677 -
590 1679 592 1683 .
996 1678 999 1683 .

116 1720 118 1725 ·
150 1704 191 1765 11.
206 1706 244 1765 R
259 1705 413 1767 admittunt
437 1726 543 1781 omnes,
554 1703 640 1789 qued
654 1704 780 1769 conferat
792 1706 947 1787 specialem
960 1704 1030 1771 Gra·

105 1787 340 1855 inmeetualem.
361 1808 410 1848 eeu
424 1786 666 1850 sacramentalem.
944 1824 963 1849 .·
985 1846 996 1857 ,.

147 1866 205 1928 111.
221 1868 333 1931 Deinde
340 1869 428 1948 juxta
438 1872 580 1949 steyaert,
598 1867 734 1947 Wiggers,
755 1864 810 1928 &a
831 1864 930 1929 elmilis
955 1886 1031 1948 qure-

106 1946 174 2012 dam
186 1957 229 2009 eet
240 1949 379 2010 divenitas
401 1950 495 2028 quoad
508 1952 636 2010 Gratiam
648 1947 879 2017 sarrctificautem,
899 1956 930 2007 et
938 1946 1031 2028 quest
1056 1952 1060 1961 “

106 2032 218 2093 virute·
241 2039 271 2091 et
295 2030 369 2091 dona
390 2033 514 2117 Spiritus
535 2031 643 2099 Sancti,
663 2049 815 2110 eorumque
828 2039 1028 2108 augmentum:

105 2113 175 2170 ratio
188 2120 240 2186 est,
260 2111 336 2192 qubd
351 2111 532 2172 Sacramenta
546 2111 619 2171 ultra
639 2108 779 2177 Gratiam,
800 2113 857 2170 aire
880 2111 1031 2185 actualem,

106 2192 163 2251 sire
186 2191 369 2265 habitualem,
395 2213 481 2274 quam
495 2191 661 2271 significant,
682 2189 825 2250 conterant
836 2200 866 2251 et
877 2198 1031 2270 operentur

105 2270 221 2333 effectus
244 2275 439 2333 wnvcnientee
450 2275 562 2346 finibus,
580 2271 618 2331 ad
632 2291 701 2351 ques
713 2281 778 2331 sunt
790 2273 936 2339 instituta:
957 2274 1032 2335 sicut

104 2372 172 2434 erpo
194 2354 360 2432 significatio
374 2363 404 2414 et
413 2355 480 2417 finis
491 2353 627 2432 cujusque
640 2355 815 2413 Sacramenti
836 2361 880 2413 est
890 2353 1032 2433 specialis,

104 2435 144 2496 ita
156 2443 186 2494 et
197 2437 296 2513 gratia,
315 2443 375 2495 tem
388 2435 540 2497 habitualis
554 2434 639 2512 quim
654 2433 781 2493 actualis.

144 2513 266 2594 Assigua
295 2515 413 2582 breviter
444 2517 580 2597 cujusque
607 2514 785 2575 Sacramenti
825 2511 943 2574 Gratias
968 2533 1031 2594 pre·

123 2597 186 2658 rim.
972 2656 975 2661 .

102 2615 123 2707 P
143 2675 200 2739 lv.
216 2662 467 2758 ll„ln'Baptismo
480 2685 525 2737 est
547 2664 647 2737 Gratia
659 2674 817 2746 habitualis,
838 2680 976 2754 quatenus
988 2684 1033 2736 eet

103 2761 300 2835 regenerativa,
327 2768 357 2820 et
369 2767 401 2818 ut
426 2758 524 2819 tribuit
536 2758 643 2819 homini
670 2759 788 2836 primurn
802 2777 863 2815 ease
875 2756 1032 2838 spirituale,

97 2835 256 2920 'dolensque
269 2861 381 2901 emnem
395 2841 508 2920 culpam
519 2848 548 2900 et
560 2857 685 2918 poenam.
928 2884 934 2907 ,

144 2917 248 2981 Gratia
274 2922 389 2982 actualis
416 2930 460 2980 eet
472 2922 619 2993 auxilium,
637 2916 712 2997 quod
725 2926 823 2997 pastea
843 2938 895 2977 suo
907 2924 1032 2997 tempore

104 2997 186 3083 datur
197 3001 234 3061 ad
248 3001 465 3063 censerranrlam
478 3005 579 3061 anima
592 3003 754 3093 puritatem,
772 3001 855 3058 uitam
869 2996 1032 3059 Christiane

103 3078 958 3241 tibtdaetitltbiitiit{tulitin
979 3180 1032 3221 nu

102 3242 166 3322 ejas
175 3252 367 3323 augmentum,
388 3251 431 3304 est
443 3241 608 3303 roborarier
622 3250 653 3303 et
678 3244 901 3320 augmentative
914 3260 1030 3320 regene-

101 3326 227 3388 rationis.
833 3358 837 3365 ·
962 3375 985 3383 ..

145 3406 269 3467 Actualie
280 3414 346 3466 suut
357 3404 498 3486 adjutoria
509 3403 546 3465 ad
561 3410 718 3463 constanter
736 3399 822 3461 fidem
835 3400 1031 3465 tenendamei

102 3485 297 3566 profitendam,
317 3489 539 3567 neminemque
551 3486 703 3547 contrariae
715 3482 896 3564 superandas·
968 3540 972 3553 ,
1050 3494 1054 3565 J

124 3565 200 3625 :Vl
210 3568 246 3626 ln
255 3566 545 3629 EucharistiaGratie
557 3565 792 3631 metuamus.
803 3566 950 3633 tinirt'it'va
967 3562 1028 3635 vlit

103 3648 264 3727 spiritualis,
285 3657 314 3708 et
336 3651 450 3711 unitiva
476 3647 596 3710 hominis
610 3665 676 3707 cum
700 3646 764 3705 Dec
778 3664 827 3727 per
849 3642 1028 3717 ferventiores

97 3731 327 3792 virtutumactns.

1049 3614 1061 3677 l

1050 3796 1063 3846 b
