2130 3990
82 159 145 220 m
395 186 401 191 ·
447 176 632 223 narraras

82 344 193 403 modam
214 343 282 402 illud
295 351 431 423 praestare
443 366 495 425 pro
518 346 579 404 solil
591 345 685 423 populi
715 345 882 417 devotione,
895 346 1018 422 quemad·

80 426 195 484 modum
218 426 302 484 etiam
315 447 366 504 pro
377 429 438 486 sola
448 428 542 506 populi
556 427 705 486 devotione
726 426 921 486 Sacramenta
941 426 1018 484 admi-

84 507 202 566 nistrare
213 514 349 568 tenentur.

125 585 230 648 Uuum
246 588 389 660 Pastores,
416 589 524 648 autulii
548 608 642 648 curam
670 587 872 648 Parocliialem
893 587 1019 649 habente

84 668 231 747 aliquando
246 669 366 741 Missam
389 690 441 748 pro
460 670 640 730 Parochianis
654 671 817 746 specialiter
830 670 971 748 applicare
982 678 1017 729 tt·

83 751 251 891 reantur&vi
265 752 347 811 officii
361 752 524 826 Pastoralia‚
543 753 653 811 secluso
674 753 755 810 titulo
768 751 916 830 stipendii,
930 750 1016 810 fundo·

85 832 176 904 tionis,
229 853 253 892 c.

126 912 212 973 VIII.
231 913 269 976 R.
293 914 484 974 Affirmative:
505 914 588 992 idque
597 914 682 972 veluti
696 934 734 973 ex
751 915 863 973 Divino
880 913 1015 991 Praecepto

84 995 256 1053 emendans
271 998 290 1054 a
303 996 383 1054 Trid.
393 996 508 1075 Synodo
519 996 621 1055 diserte
634 997 804 1074 exprimitur
813 1016 887 1055 sess.
903 994 953 1052 2³.
963 1015 1014 1072 cap.

87 1076 114 1135 l.
127 1076 164 1134 dc
179 1076 403 1154 Reformationc
415 1078 458 1136 his
466 1078 571 1136 verbis:
613 1078 716 1136 “Cum
741 1077 899 1155 Praecepto
922 1076 1015 1134 Divina

84 1158 245 1215 mandatum
258 1160 295 1217 sit
307 1161 443 1231 omnibus,
458 1160 557 1235 quibus
564 1159 716 1216 animarum
727 1179 797 1216 cura
811 1159 965 1216 commissa
973 1168 1014 1229 eat,

85 1258 223 1297 crateuas
230 1260 392 1318 agnoscere,
401 1261 452 1318 pro
462 1241 504 1297 bis
515 1239 686 1298 Sacrificium
696 1240 830 1313 offerre,”
847 1237 906 1298 &a
950 1238 1013 1307 Qm

1044 42 1058 119 'l

84 1321 169 1379 rerba
191 1323 376 1400 nonpossint
398 1322 512 1401 intelligi
536 1322 572 1380 de
586 1322 769 1398 applicatione
792 1321 935 1400 generali,
961 1321 1015 1398 quit
1055 1374 1057 1385 .

84 1403 230 1480 applicatio
243 1405 381 1481 generalis
395 1404 479 1461 etiam
492 1403 605 1480 respicit
619 1403 696 1474 alios,
715 1405 802 1480 quaint
819 1401 1014 1475 ParochIanor,

83 1485 146 1561 plus
159 1491 253 1542 autem
267 1485 350 1544 debet
356 1485 458 1542 Pastor
471 1484 569 1542 ovibus
582 1485 709 1561 propriis,
730 1488 818 1561 quam
832 1484 944 1542 alienis.

125 1562 314 1634 Quondonam
328 1575 356 1624 et
370 1566 477 1643 quoties
489 1574 598 1624 tenetur
608 1565 751 1623 Parochus
762 1565 889 1624 Missam
903 1584 956 1644 pro
968 1563 1013 1622 Pa

84 1647 222 1706 rochianis
236 1648 395 1725 applicare?

125 1727 181 1788 IX.
205 1729 242 1790 R.
265 1728 351 1789 Ultra
364 1748 460 1786 casum
473 1728 592 1806 publicae
612 1726 786 1787 necessitatis
797 1736 914 1786 tenetur
927 1727 1015 1786 diebu·

86 1810 240 1869 Dominicis
255 1819 283 1869 et
298 1810 392 1870 Festis
413 1811 448 1868 de
461 1820 613 1888 praecepto,
636 1809 761 1887 quamvis
776 1810 863 1868 etiam
888 1810 1015 1886 apopulo

84 1891 255 1949 nonhabeat
267 1912 419 1970 congruam
443 1893 686 1960 sustentationem
709 1891 748 1948 ita
758 1891 916 1948 declaravit
936 1890 1016 1948 Sacra

86 1974 286 2051 (longiagatio,
297 1973 375 2051 cujus
391 1973 545 2031 Decretum
561 1973 657 2031 Innoc.
673 1970 745 2030 XII.
760 1992 834 2030 anno
850 1971 940 2030 1699,
956 1992 1014 2029 con·

84 2055 215 2126 firmavit,
229 2057 288 2113 sive
300 2055 443 2112 Parochue
469 2055 506 2112 sit
526 2055 679 2112 amoribilis
694 2054 753 2111 sive
767 2074 835 2125 non,
854 2054 917 2112 sive
931 2074 1013 2110 saecu-

84 2137 159 2208 laris,
174 2137 233 2193 sive
248 2137 392 2215 regularis,
408 2137 490 2194 etiam
506 2137 530 2193 si
544 2138 597 2193 isto
611 2137 655 2193 die
669 2156 719 2211 pro
734 2136 793 2191 aliis
808 2134 912 2192 offerre
927 2143 1012 2192 tenea·

85 2227 146 2286 mn
168 2226 200 2275 ut
210 2217 269 2275 fieri
279 2226 381 2294 potest,
396 2218 418 2274 si
425 2217 527 2274 Pastor
540 2219 620 2274 simul
635 2218 672 2274 sit
687 2217 845 2273 Canonicus
856 2224 888 2273 et
901 2215 1013 2273 Missam

86 2301 296 2357 conventualem
311 2299 440 2370 celebret,
455 2318 518 2376 quae
533 2299 664 2376 applicari
679 2298 763 2356 debet
776 2297 1011 2366 benefactoribus;

86 2391 150 2438 trino
178 2381 250 2438 enim
274 2381 366 2437 Missa
394 2381 563 2438 Parocliialis
591 2381 644 2438 erit
672 2380 836 2436 celebranda
863 2399 917 2455 per
937 2379 1013 2435 alium

86 2461 239 2538 sumptibus
263 2461 398 2532 Pastoris,
424 2469 472 2518 aut
499 2462 597 2519 saltem
626 2462 653 2517 in
674 2461 747 2517 diem
762 2460 888 2517 ferialem
902 2459 992 2517 transl
1002 2494 1011 2508 -

86 2543 190 2612 renda3
213 2544 252 2601 ita
261 2545 357 2601 statuit
371 2543 539 2601 Benedictus
552 2542 641 2602 XIV.
656 2543 684 2598 in
694 2562 745 2598 suo
759 2542 852 2598 edicto
865 2541 903 2599 de
917 2541 961 2600 die
972 2539 1010 2599 19.

89 2625 221 2703 Augusti,
230 2626 293 2682 anni
307 2624 391 2683 1744.

127 2705 167 2764 X.
189 2706 323 2764 Decemit
337 2706 480 2783 pariterin
495 2706 579 2764 citato
600 2704 725 2774 decreta,
747 2703 822 2780 quod
843 2704 881 2760 ad
902 2704 955 2761 hoc
976 2712 1010 2760 te

87 2796 215 2859 reantur,
242 2789 306 2848 licet
329 2788 442 2864 antiqua
466 2807 517 2845 seu
540 2785 747 2843 immemorabili
769 2785 968 2843 consuetudine
988 2785 1011 2840 in

85 2869 248 2946 quibusdam
273 2870 452 2927 Dioeccsibus
466 2871 528 2926 sive
542 2868 679 2944 parochiis
693 2867 860 2924 contrarium
873 2866 1011 2937 obtineret,

86 2951 170 3007 ctiam
191 2952 345 3021 declarans,
360 2951 433 3028 quiid
447 2951 549 3026 populo
558 2949 695 3026 applicare
708 2955 854 3006 teneantur
867 2948 902 3005 iis
918 2947 1012 3020 Fastis,

86 3032 185 3106 quibus
199 3031 294 3089 fideles
319 3033 419 3089 debent
442 3032 563 3089 Missam
577 3030 682 3101 audire,
697 3037 726 3087 et
748 3050 785 3087 ex
800 3028 966 3106 Apostolico
978 3029 1011 3086 in·

86 3114 163 3170 dulto
177 3133 262 3188 opera
276 3114 385 3170 servilia
400 3133 532 3171 exercere
543 3120 676 3188 possunt:
693 3111 819 3168 concedit
833 3119 927 3169 tamen
938 3110 1013 3187 Epis·

87 3195 164 3270 copis
187 3196 345 3251 facultatem
369 3194 546 3271 dispensandi
573 3213 637 3250 cum
666 3192 828 3249 Pastoribus
863 3192 1014 3270 egentibus,

88 3285 120 3332 ut
133 3276 230 3332 diebus
247 3275 348 3346 Fastis,
364 3277 474 3353 quando
488 3274 624 3354 ejusmodi
638 3293 669 3331 se
683 3274 764 3331 offert
784 3273 906 3346 occasio,
932 3273 966 3330 ab
979 3273 1014 3330 ol·

87 3356 193 3414 terente
209 3357 301 3434 aliquo
310 3358 476 3434 stipendium
489 3357 626 3433 accipere,
649 3363 677 3413 ct
695 3375 746 3432 pro
767 3355 827 3430 ipso
848 3353 1016 3412 Sacrificium

89 3438 228 3514 applicare
248 3439 334 3497 libere
349 3448 377 3496 et
398 3439 474 3497 licite
488 3439 596 3515 possint
618 3444 646 3494 et
666 3438 786 3506 valeant,
814 3436 965 3494 dummodo
985 3436 1017 3493 ad

88 3519 274 3580 necmrariam
300 3521 396 3598 populi
423 3520 649 3579 commoditatem
669 3518 698 3576 in
721 3517 851 3577 Ecclesia
865 3516 1018 3578 Parochiali
