2130 3990
101 187 162 248 318
485 200 664 245 reserares

102 353 126 410 ai
140 351 251 408 interim
267 346 463 407 discretionem
473 345 661 406 sufficientem
674 346 812 419 habeant,
834 353 869 405 ut
881 345 940 406 fera
964 349 1026 411 initio
1058 366 1063 404 r

106 434 195 510 pueri,
224 430 260 489 ad
282 430 517 487 communionem
539 429 735 502 admittuntur,
756 429 905 508 praemissa
929 428 1028 506 disponi·

105 515 184 570 tione
198 510 341 590 possibili;
371 510 422 567 sed
444 512 539 578 rarius,
560 528 664 588 nempe
679 513 707 568 in
726 509 873 568 Paschate
888 518 917 567 et
928 512 1030 573 articulo
1058 534 1060 556 ¹

107 594 204 652 mortis
217 598 335 652 tantum.
376 590 452 650 Vide
468 591 557 648 Num.
571 589 622 648 69.
637 592 672 649 dc
685 590 885 649 Paenztentia.

149 672 205 732 Ill.
224 677 358 733 Amantes
371 672 456 751 pleni,
484 671 532 730 sed
554 690 603 750 per
622 671 776 744 intervalla,
796 671 987 731 admittuntur
1007 674 1029 733 ‘n

104 754 211 814 *lucidis
224 752 390 822 intervallis;
412 753 460 811 sed
475 772 530 810 non
541 755 569 810 in
580 754 640 830 ipsa
653 752 738 831 plena
752 755 886 812 amentia
897 753 1029 831 nequidem

108 837 137 894 in
155 835 304 907 Pascbate,
325 842 508 913 praeterquam
522 835 550 892 in
561 833 618 891 fine
631 835 703 906 vitae,
728 835 752 892 si
767 853 886 911 nempe,
907 833 975 891 dum
991 855 1029 894 ac-

108 925 156 974 tea
171 918 272 974 mentis
294 922 433 992 compotes
453 922 543 981 erant,
565 934 596 972 se
618 935 677 972 non
700 913 881 974 reddiderint
907 914 1029 993 indignos,

110 996 161 1055 sed
175 998 299 1055 vixerint
311 996 472 1063 christiane,
494 993 698 1073 frequentando
710 996 910 1067 Sacramenta,
931 993 981 1053 &a

149 1076 206 1134 His
220 1084 527 1135 annumerantursenes
538 1075 600 1154 jam
621 1095 678 1156 prae
700 1083 781 1135 atate
806 1086 1025 1155 repuerascentes,
1061 1143 1063 1147 ,

106 1161 176 1217 item
191 1157 356 1233 phrenetici.

150 1237 207 1296 IV.
229 1239 404 1317 Supponitur
416 1243 509 1295 tamen
524 1238 553 1296 in
581 1237 626 1296 bis
639 1237 748 1296 casibus
762 1237 866 1297 abesse
888 1240 1023 1302 vomitioni

108 1317 152 1378 vel
166 1321 351 1398 expuitioais,
383 1319 531 1377 alteriusve
556 1321 738 1377 irreverentiae
764 1320 937 1398 periculum,
968 1323 1020 1399 qaod
1046 1322 1063 1337 '

109 1420 172 1458 cum
198 1420 253 1457 non
274 1404 336 1458 rard
363 1399 460 1471 subsit,
479 1402 584 1478 saepius
610 1399 715 1459 talibus
742 1420 798 1459 non
829 1399 1019 1463 administretur
1046 1382 1063 1438 ⁵

108 1480 301 1538 ItaS.Thom.
314 1483 376 1541 loco
386 1483 471 1538 citato
480 1481 598 1550 Catecb3
611 1481 738 1539 Romde
747 1481 1020 1554 Eucharistia,Nun.
1046 1481 1063 1536 ἒ

109 1561 158 1619 70.
175 1572 204 1618 et
217 1565 321 1640 passim
338 1561 504 1620 Pastcralia.
547 1561 621 1620 Vide
634 1564 722 1620 etiam
737 1563 917 1641 Stcyacrtt'n
931 1563 1020 1642 Appen·
1048 1562 1061 1597 ἰ

109 1642 231 1706 dicebas,
247 1644 339 1701 Num.
361 1645 388 1702 9.

151 1721 189 1779 V.
213 1723 308 1782 Etiam
324 1732 417 1781 mutus
437 1730 466 1781 et
478 1722 576 1782 surdus
591 1721 684 1791 debet,
706 1726 873 1803 inquantum
887 1724 1022 1804 potestdc
1051 1722 1063 1778 l

108 1803 164 1862 hoc
179 1804 360 1863 Sacramenta
373 1806 471 1862 instrui
483 1828 490 1876 ;
513 1807 576 1862 etsi
590 1803 703 1880 quidem
731 1808 923 1883 cognitionem
944 1805 1024 1865 daca

107 1887 189 1941 tionis
205 1904 238 1941 ec
252 1885 429 1944 devotionern
444 1904 511 1962 erga
520 1883 590 1943 illud
605 1885 744 1959 ostendat,
765 1887 801 1946 ad
826 1889 946 1947 Sacram
958 1886 1025 1947 eon

109 1969 271 2023 munionem
286 1967 453 2035 admittitur,
475 1969 561 2025 etiam
575 1968 674 2045 saepius
697 1971 725 2026 in
751 1970 815 2026 vita.
853 1967 932 2028 Vide
955 1969 1025 2027 Num.

109 2047 160 2105 70.
176 2048 212 2103 cle
228 2047 419 2106 Pcrm'tentia.

152 2129 340 2205 Energumeni
354 2148 403 2186 scu
418 2129 437 2185 a
453 2129 590 2186 Daemone
614 2130 729 2206 possessi
753 2130 820 2188 olim
836 2129 998 2187 arcebantur
1015 2129 1028 2186 i

109 2208 324 2279 communione,
346 2209 417 2268 forte
438 2209 474 2267 ob
499 2213 698 2280 reverentiam;
722 2209 771 2268 sed
798 2229 885 2281 nunc,
907 2213 931 2269 si
956 2229 1030 2287 neque
1061 2232 1063 2239 ·

106 2292 284 2348 irreverentia
297 2289 449 2370 peculiaris
463 2289 505 2349 vel
519 2292 644 2349 amentia
654 2291 757 2360 obstet,
766 2289 954 2350 admittuntur
960 2292 1029 2349 adam

107 2370 289 2446 frequentius.

148 2451 202 2507 l'l.
228 2453 365 2508 Extremo
388 2453 525 2530 supplicio
539 2449 703 2523 efficiendis,
725 2453 834 2510 etiamsi
858 2451 957 2511 debite
979 2472 1032 2510 con·

106 2532 196 2604 fessis,
210 2533 238 2588 in
255 2531 354 2590 Gallia
368 2545 484 2609 negatur
511 2533 663 2604 Viaticum,
684 2543 756 2592 teste
783 2533 892 2591 duenin
919 2533 1031 2603 etaliia;

107 2612 156 2670 sed
172 2616 339 2671 contrarium
355 2611 440 2671 habet
452 2615 542 2691 praxis
560 2613 674 2691 Belgica
681 2614 768 2691 juxta
780 2614 934 2690 Synodum
948 2633 1033 2672 secun·

110 2695 177 2751 dam
194 2695 323 2753 Provinc.
349 2694 459 2752 ltlechl.
483 2697 527 2752 tit.
550 2692 576 2752 7.
594 2714 657 2772 cap.
672 2695 700 2752 6.
737 2694 875 2754 “Ultimo
903 2694 1034 2773 supplicio
1061 2758 1063 2763 ¹

107 2774 261 2834 alliciendis
276 2777 440 2854 tempestiva
468 2775 504 2834 de
530 2777 622 2833 Sacra⁴
642 2775 822 2833 Eucharistia
836 2774 1033 2854 provideatur.'’

110 2857 149 2913 Et
166 2858 324 2914 Pastorale:
347 2859 527 2915 “Damnatis
551 2855 586 2913 ad
601 2865 720 2915 mortem
734 2855 818 2914 debet
845 2856 907 2915 dari
932 2854 1035 2915 Eucha-

108 2941 194 3003 ristia‚
215 2937 262 2995 sed
278 2938 307 2996 id
321 2937 445 2998 fiatante
467 2937 541 2997 diem
564 2937 714 3016 supplicii;
737 2936 781 2995 vel
807 2936 911 2996 saltem
935 2956 1036 2996 summo

110 3021 224 3076 mane.’

150 3099 220 3156 Vll.
243 3099 386 3158 Porrectio
397 3099 586 3158 Eucharistiae
600 3100 737 3179 suspectis
751 3097 787 3158 de
797 3100 917 3157 crimine
931 3097 969 3157 ad
982 3117 1036 3176 pro

108 3179 250 3237 irationem
267 3182 308 3238 vel
323 3183 518 3258 purgationem
532 3181 667 3260 ejusdem,
693 3200 759 3238 cum
772 3180 886 3259 reliquis
902 3179 1036 3256 probatio

106 3261 187 3316 nibus
205 3260 366 3338 perferrem
391 3261 523 3331 candens,
543 3283 647 3342 aquam
661 3261 822 3330 ferventem,
845 3260 964 3334 luctam,
986 3256 1036 3318 dte.

108 3347 183 3417 (qua
196 3346 222 3398 in
238 3341 450 3418 particularibus
466 3341 601 3401 Ecclesiis
615 3342 767 3422 aliquando
786 3341 900 3400 fuerunt
913 3345 942 3399 in
971 3344 1034 3414 usu)

104 3419 165 3497 jam
180 3425 326 3500 antiquata
336 3433 385 3497 est,
397 3430 425 3481 ct
434 3422 469 3481 ab
482 3423 717 3482 Ecclesiameriod
727 3423 893 3502 reprobata:
917 3421 1036 3500 quando·

106 3500 221 3640 puitdem
246 3508 472 3583 augustissimum
494 3504 547 3564 hoc
570 3505 784 3564 Sacramentum
799 3503 836 3563 ad
863 3503 919 3564 hoc
934 3523 989 3564 non
1007 3472 1063 3563 sill

106 3602 148 3640 ms
161 3591 272 3642 ttutum.
