2130 3990
93 190 152 252 182
473 206 652 252 conminus

133 353 174 415 Il.
189 350 316 423 Quidem
330 352 413 412 etiem
427 351 532 422 dicunt,
553 355 705 412 sectionem
725 352 823 413 melfis
837 351 908 413 vivre
919 351 1015 413 licitum
1055 330 1058 339 ¹

91 456 152 495 esre
165 437 190 495 si
215 434 279 514 quis
292 436 330 493 sit
340 436 383 493 ite
394 436 516 512 peritus:
536 443 570 493 ut
582 452 648 493 oum
676 432 797 493 fundotu
809 435 961 495 merione

93 524 210 576 matrem
237 534 333 573 secere
358 516 456 594 possit,
477 524 507 573 et
528 514 595 574 inde
612 514 765 575 extrahere
777 514 890 595 prolem

93 598 156 657 sine
172 597 317 676 Baptiemo
330 597 499 668 moriturum,
518 597 553 655 iis
578 599 727 675 presertim
738 600 769 655 in
783 594 908 669 ensibus,
927 598 1015 675 quibu
1055 639 1065 648 -

92 681 180 739 sectio
193 677 243 737 ille
255 679 371 737 unicum
384 677 509 735 medium
523 688 576 745 est,
598 696 654 735 non
669 677 782 751 tentrim
796 676 836 737 ed
860 676 1015 739 cumton

96 759 204 839 prolem
215 757 266 817 sed
279 758 367 818 etiem
380 757 417 816 ed
427 754 647 821 eouseruendem
660 766 792 817 matrem.

138 840 195 899 ΙΙΙ.
210 839 242 898 Si
256 848 352 898 eutem
366 838 465 897 mulier
482 859 629 919 praegnens
641 842 718 898 cerui
732 848 855 917 ,monna
867 841 913 913 sit,
931 838 1016 899 euin

91 924 181 981 securi
200 920 296 994 debet,
316 928 347 978 ut
359 919 427 978 inde
449 921 613 979 extrahatur
624 918 719 989 loetus,
736 918 821 999 juxto
834 922 1017 1001 praecriptum

101 1003 221 1063 Rituelis
235 1002 320 1061 Rom.
335 1003 526 1061 instructiones
540 1001 571 1060 S.
586 1002 681 1060 Coreli
696 1002 773 1060 Borr.
787 998 844 1061 &ez
874 1004 932 1079 qui,
950 1000 1016 1061 uri·
1054 1056 1065 1100 μ

98 1104 149 1142 vus
172 1083 256 1144 fuerit
274 1102 345 1149 mox
370 1081 546 1161 baptizetur:
568 1083 593 1141 si
615 1085 680 1141 verd
692 1086 767 1141 certd
782 1090 909 1143 mortuum
929 1080 1017 1163 depre-

98 1164 248 1233 hendetur,
270 1183 362 1242 neque
388 1163 535 1243 baptizari,
556 1183 646 1243 neque
672 1165 701 1222 iu
723 1165 802 1223 Lucu
815 1162 1015 1245 Seerosopellri

98 1253 205 1327 potcst;
228 1246 283 1304 nisi
303 1244 429 1303 nondum
454 1250 597 1304 extructus
619 1253 693 1303 essct
717 1264 756 1303 cx
776 1254 870 1319 utero,
890 1264 1013 1325 quocun
1042 1259 1048 1270 ’

99 1335 191 1405 potest
202 1326 243 1386 ibi
255 1325 384 1406 relinqui,
403 1334 433 1386 et
455 1344 519 1384 eum
542 1335 633 1385 matre
645 1334 780 1403 tunquam
793 1325 936 1407 percejum
948 1344 1010 1407 sepe
1045 1343 1054 1352 ·

98 1409 150 1469 liri.
1049 1415 1060 1436 ·’

144 1487 197 1548 IV.
213 1486 291 1547 luter
301 1489 389 1567 signe,
410 1487 562 1569 exquibus
582 1487 722 1567 colligitur
735 1506 809 1548 mors
822 1488 928 1557 metris,
950 1506 1009 1547 eon·

102 1573 226 1630 muniter
248 1571 383 1649 emigncri
395 1569 477 1638 solet,
501 1571 524 1627 si
538 1568 652 1629 derum
665 1567 791 1628 candele
803 1572 846 1629 ori
858 1568 973 1627 muron
981 1572 1010 1629 u*-

101 1651 144 1711 hil
166 1658 317 1733 moveatur,
337 1658 386 1711 eut
407 1653 431 1710 ei
444 1652 474 1711 in
487 1651 600 1746 spemin
615 1653 657 1709 ori
669 1648 786 1709 odronto
807 1648 888 1747 nulle
904 1658 1011 1711 oemcu

102 1730 1012 1892 'sttui‘3n{tullissitttdtilllttrittttttl

102 1893 145 1951 2⁰·
163 1894 249 1973 Rigor
260 1901 291 1952 et
301 1893 493 1953 inflexibilitas
507 1894 701 1967 membrorum,
720 1896 762 1953 ito
774 1902 876 1953 utnon
889 1892 945 1952 nisi
956 1888 1013 1953 diffl-

104 1974 193 2035 culter
205 1974 275 2035 elius
288 1978 357 2033 situs
367 1976 435 2055 ipsis
447 1976 568 2053 imprimi
576 1977 671 2054 pessit,
687 1975 775 2034 etubi
784 1976 873 2034 semel
882 1976 1014 2054 impm

104 2064 156 2124 est,
177 2076 233 2115 nou
249 2056 368 2136 emplius
392 2057 421 2114 in
434 2058 581 2136 pristinum
609 2064 712 2115 statum
725 2076 785 2115 sese
798 2057 959 2127 restituent,
976 2056 1016 2115 nni

104 2137 177 2197 forte
191 2137 276 2207 lente,
297 2144 342 2197 est
354 2138 496 2217 nunqudm
507 2138 644 2197 totaliter:
666 2137 739 2216 qudd
753 2140 776 2196 si
789 2137 918 2197 membro
930 2138 1017 2195 eumn'
1040 2089 1065 2220 =

104 2221 294 2357 iplpristiuum
307 2224 408 2277 statum
421 2237 483 2277 sese
496 2221 649 2285 restituant,
670 2221 782 2296 signum
799 2226 853 2287 est,
873 2216 1017 2297 subjecturi
1043 2257 1065 2384 Ι

107 2320 125 2358 a
165 2320 201 2359 ue
215 2319 316 2358 vivere.

147 2380 226 2439 Sicut
251 2364 376 2438 deiectus
386 2377 480 2438 mutius
493 2378 627 2438 sensibilis
641 2380 670 2437 in
692 2388 781 2438 mette
795 2400 852 2439 non
865 2387 911 2438 est
923 2380 1020 2458 siguum
1046 2422 1065 2466 Ι

107 2469 214 2519 certum
243 2464 346 2530 mortis,
366 2463 407 2519 ite
419 2459 508 2518 multo
531 2463 621 2519 minus
633 2461 663 2518 in
677 2459 767 2519 foetu:
790 2461 870 2540 cujus
884 2480 960 2519 mors
972 2458 1020 2519 leri

108 2541 195 2600 dubie
218 2544 324 2600 censeri
339 2541 433 2610 debet,
463 2541 599 2620 quamdiu
626 2561 681 2600 non
706 2541 866 2601 observetur
889 2538 1023 2601 manime
1051 2503 1065 2624 l

108 2621 273 2702 putrefactio
299 2631 350 2681 eut
374 2621 561 2681 membrorum
589 2622 738 2703 disruptio:
760 2641 844 2702 quere
869 2624 960 2683 sectio
977 2640 1023 2681 neu

109 2712 200 2784 potest
220 2705 311 2765 omitti
334 2724 371 2764 ex
393 2723 435 2774 eo,
458 2703 534 2781 quod
553 2703 646 2764 nullus
669 2712 760 2764 motus
772 2707 801 2763 in
816 2711 895 2765 utero
907 2703 1024 2765 observu-

109 2795 161 2847 tur.
1053 2830 1056 2835 -

153 2866 324 2941 consulitur,
344 2873 377 2925 ut
389 2868 500 2927 mortui
514 2876 602 2926 matre
613 2869 654 2927 ori
666 2867 751 2927 tubus
773 2866 941 2941 immitntur,
960 2864 1027 2926 simi·

112 2949 188 3026 lique
215 2947 298 3007 modo
325 2949 422 3027 petule
448 2951 519 3009 uteri
532 2950 634 3027 vegius
656 2958 787 3017 servetur,
808 2956 898 3029 utque
911 2946 1028 3009 celeria
1057 2946 1063 2961 “

112 3039 189 3087 utero
202 3031 402 3101 intertineetur,
425 3028 518 3108 quoad
532 3049 619 3108 usque
633 3032 720 3088 sectio
734 3029 890 3089 inchoetur.

154 3109 192 3168 V.
209 3104 476 3168 Cou'venieutissime
502 3119 597 3169 eutem
623 3109 701 3168 dicte
714 3113 803 3170 sectio
819 3109 896 3191 (que
911 3125 1029 3169 commu·

112 3193 187 3250 niter
202 3191 332 3249 Cesarea
345 3189 461 3269 dieitur)
476 3190 509 3251 fit
521 3210 570 3271 per
583 3189 764 3270 Chirurgum,
778 3201 828 3251 eut
839 3190 928 3251 elium
941 3194 971 3251 in
984 3188 1031 3247 hee

115 3292 144 3330 re
158 3275 289 3351 peritum,
316 3274 345 3331 in
372 3290 492 3350 quorum
505 3271 615 3330 deiectu
630 3273 764 3331 incumbit
776 3271 906 3332 Perocho
921 3270 1032 3331 eundem

114 3356 303 3429 operationem
316 3351 427 3411 fucere:
448 3360 614 3432 quapropter
628 3352 756 3414 Pastores
770 3373 917 3434 pagorum,
937 3355 967 3411 in
979 3352 1033 3430 qni·

116 3432 170 3491 bus
196 3433 276 3493 deest
302 3436 385 3513 copie
407 3431 617 3513 Chirurgorum,
637 3432 692 3494 dcc.
719 3437 787 3495 scire
808 3434 914 3495 debent
926 3431 1034 3495 modun

117 3513 260 3593 operiendi
272 3523 381 3575 uterum
394 3516 488 3575 metris
499 3523 615 3575 medune
626 3516 688 3574 sini
701 3515 815 3576 laesione
828 3516 921 3576 inette.

160 3593 216 3654 Vl.
231 3593 336 3655 Modus
349 3595 464 3657 secundi
476 3606 594 3657 matrem
607 3606 796 3676 pregnantem
809 3597 963 3659 hodiedum
975 3592 1033 3655 Me

119 3675 191 3738 dicio
206 3677 333 3752 usitatus,
354 3687 384 3739 et
392 3678 480 3758 juxte
505 3681 578 3760 ipsos
592 3681 679 3758 megin
693 3678 783 3741 facilis
797 3689 826 3740 et
839 3678 988 3761 expeditus
999 3680 1039 3735 ut
