2130 3990
76 138 135 202 416
432 152 608 199 morasus

116 300 204 362 VIII.
229 302 322 388 Notqt
333 298 381 361 hic
393 298 518 372 Billuart,
532 320 609 375 cum,
622 302 670 380 qui
679 301 754 362 bont
763 298 923 382 fidcputet
936 322 1017 365 snex·

78 385 168 444 cusari
181 385 199 440 si
213 382 314 452 Missa,
336 384 461 463 quamvis
473 385 511 442 sit
522 385 617 443 minus
629 382 775 442 sufficiens
806 386 890 457 ratio,
912 403 1019 464 peccare

81 471 190 525 tantum
206 465 368 525 venialiter:
388 463 478 527 simile
491 470 542 540 est,
561 466 586 523 si
599 472 702 545 preter
715 466 911 525 intentionem
925 485 961 524 ex
975 467 1019 526 nli·

82 566 140 625 qna
154 545 354 624 negligentioia
368 544 628 606 Missoomittstur:
649 548 721 605 ratio
747 554 804 614 est,
828 547 900 623 quia
926 549 955 605 in
981 546 1019 607 his

83 627 193 686 casibus
207 648 261 685 non
286 630 377 705 agitur
397 624 552 686 formaliter
565 633 660 687 contm
672 626 870 706 Praeceptum,
898 646 952 685 nec
975 630 1020 687 nisi

84 708 263 768 materiaiiter
285 709 438 766 intervenit
463 711 651 787 transgressio,
672 716 705 768 ut
717 708 822 767 redeat
836 716 984 788 peccatum
995 711 1019 767 in

84 797 214 848 naturam
241 808 300 846 sua
322 787 438 860 formae3
460 788 536 868 quod
559 792 642 848 etiam
669 790 776 849 militat
791 809 846 869 pro
869 789 936 847 aliis
960 808 1018 869 pre·

86 871 185 948 ceptis.

128 949 245 1087 Petipur,
280 957 376 1010 utrum
413 949 571 1012 itinerantes
606 955 778 1011 excusentur
818 950 856 1009 ab
886 949 1019 1011 auditione

85 1030 185 1090 Missae

131 1113 168 1170 R.
193 1109 378 1171 Consuetudo
390 1111 518 1182 obtinuit,
540 1113 632 1193 inquit
645 1112 776 1187 Billunrt,
791 1113 888 1190 utqui
904 1112 1018 1192 proficis·

87 1194 158 1251 citur
172 1194 190 1248 ri
202 1191 274 1264 loco,
294 1192 343 1250 ubi
358 1209 399 1251 ast
413 1193 537 1263 Festum,
559 1201 688 1254 teneatur
700 1193 800 1253 audire
816 1194 955 1267 Missam,
980 1215 1019 1253 an·

87 1282 202 1352 tequam
218 1271 361 1332 discedat:
388 1278 478 1348 acoris,
497 1274 520 1332 si
534 1275 697 1354 simpliciter
722 1273 790 1334 iliae
817 1283 956 1346 transeat,
977 1279 1021 1335 nisi

88 1352 163 1412 forte
187 1352 290 1412 ibidem
305 1353 519 1414 trabatmoram
538 1355 727 1415 observationi
751 1359 891 1435 precepti
917 1375 1021 1436 propor-

88 1436 236 1504 tionatam,
257 1454 284 1493 v.
299 1452 327 1512 g.
340 1436 364 1494 si
391 1454 440 1517 per
452 1436 541 1516 plures
553 1436 636 1496 horas
649 1441 781 1516 temporis
809 1438 947 1496 matutini
972 1439 1021 1496 iitic

90 1523 253 1574 moraretur.

134 1597 317 1658 Excusantur
329 1603 421 1658 autem
435 1598 595 1660 itinerantes
609 1607 641 1658 et
653 1599 825 1676 navigantes,
846 1599 900 1678 qui
916 1599 941 1658 si
957 1597 1022 1656 Mis·

89 1697 148 1737 sam
164 1677 289 1748 audiant,
310 1679 429 1759 perdunt
441 1683 532 1740 navim
557 1689 607 1740 aut
628 1682 737 1740 socium
758 1680 812 1739 sibi
827 1681 1020 1749 necessarium,

90 1760 159 1837 putri
174 1762 221 1838 qui
236 1763 363 1839 ignorent
376 1765 458 1829 uam,
471 1771 519 1822 sut
531 1769 689 1842 grossantur
702 1762 835 1828 latrones,
850 1780 907 1820 nec
921 1759 1024 1819 differre

112 1850 215 1899 essunt.

90 1861 110 1920 P
132 1922 247 1989 Petitur,
264 1923 358 1983 utrium
371 1922 480 1983 licitum
491 1923 537 1996 sit,
550 1930 700 2004 antequam
715 1929 889 2004 preceptum
914 1920 1022 1999 obliget

93 2003 200 2080 absque
210 2004 377 2082 justacausa
386 2024 488 2086 ponere
501 2006 733 2085 impedimentum
744 2005 937 2063 observationi
946 2003 1023 2074 iliius,

93 2087 164 2165 putri
179 2088 230 2144 iter
243 2085 285 2143 vel
299 2090 473 2146 venationem
487 2107 542 2147 non
563 2088 748 2147 necessariam
776 2089 932 2165 suscipere,
954 2083 1023 2141 unde

93 2167 227 2246 praevides
241 2166 308 2234 fore,
329 2177 361 2225 ut
373 2188 428 2226 non
451 2171 538 2248 possis
550 2166 646 2228 audire
659 2169 775 2226 Sacrum
803 2165 850 2225 die
878 2164 1023 2224 Dominict

92 2248 134 2307 vel
152 2249 234 2306 Festo
247 2250 373 2326 sequenti
387 2247 401 2306 i

136 2329 191 2387 IX.
217 2330 254 2387 R.
270 2329 339 2388 Non
353 2331 454 2402 licere;
470 2331 538 2408 quia
548 2329 617 2389 licet
630 2336 698 2388 tunc
711 2348 765 2387 non
780 2328 888 2406 obliget
898 2327 1020 2405 Praecep-

94 2419 164 2477 tum,
186 2431 241 2469 non
254 2419 319 2490 puto
332 2413 519 2471 tcmeulicere
534 2410 694 2469 Christiano
714 2410 819 2488 absque
839 2409 923 2487 justa
945 2425 1021 2465 causo

93 2513 123 2552 se
137 2491 251 2550 reddere
265 2495 448 2571 impotentem
462 2492 644 2552 observationi
659 2491 747 2568 Legis
758 2490 824 2549 lat-e
838 2509 891 2568 pro
905 2496 1021 2566 tempore

96 2576 222 2653 sequenti
235 2572 392 2654 obligantis,
413 2576 437 2633 si
451 2573 564 2653 quidem
579 2581 647 2631 tunc
660 2571 721 2650 ejus
735 2573 850 2629 omissio
861 2572 903 2628 sit
915 2570 968 2648 ipsi
981 2587 1019 2627 vo·

97 2656 218 2715 luntario
232 2664 261 2713 et
274 2657 447 2736 imputabilis
471 2658 498 2714 in
520 2673 625 2712 causa:
647 2653 703 2712 heic
724 2653 832 2710 ratione
855 2650 1020 2710 damnantur

97 2739 290 2811 communiter,
311 2741 408 2816 quiex
424 2736 490 2814 guia
505 2733 602 2793 diebus
616 2732 837 2792 bacchanalibus
847 2731 905 2790 sibi
920 2729 1020 2790 morbos

96 2828 255 2901 procurant,
276 2819 350 2878 unde
371 2816 521 2898 prevident
533 2813 601 2880 fore,
623 2823 654 2873 ut
667 2817 723 2873 sint
735 2814 908 2893 impotentes
929 2810 965 2870 ad
977 2831 1019 2869 au·

98 2902 232 2962 diendum
247 2901 362 2959 Sacrum
385 2905 413 2957 et
429 2895 615 2978 jejunandum
636 2904 762 2974 tempore
786 2894 1018 2975 quadragesima;

98 2985 225 3043 similiter
238 2985 266 3055 ii,
287 2983 333 3061 qui
347 2981 453 3060 absque
476 2979 554 3058 justa
571 2978 738 3036 necessitate
765 2982 977 3034 commorantur
996 2974 1020 3031 iu

97 3067 164 3126 locis
192 3067 395 3136 hamaucorum,
429 3061 476 3120 ubi
502 3059 595 3119 Missa
622 3077 679 3117 non
707 3055 884 3128 celebratur;
907 3062 937 3115 et
960 3053 1020 3114 sene

98 3151 160 3227 quis
175 3145 320 3206 excusabit
334 3146 466 3206 clericum
477 3142 660 3220 navigantem,
682 3139 850 3219 quisurnmo
860 3135 947 3196 mane
960 3136 1019 3194 reci·

97 3241 156 3288 tato
170 3231 277 3306 integro
292 3225 383 3288 officio
410 3224 541 3286 currentis
568 3221 633 3292 diei,
654 3219 803 3300 projiceret
823 3217 1019 3277 breviariumio

98 3330 182 3381 mare,
198 3321 229 3371 ut
242 3311 278 3370 ab
292 3330 373 3371 onere
386 3305 519 3369 recitandi
542 3301 673 3380 deinceps
684 3301 854 3360 eximeretur
863 3302 901 3358 eis
910 3298 1020 3368 ratione,

99 3393 171 3473 quod
187 3402 353 3476 preceptum
362 3388 498 3454 recitandi
510 3386 556 3448 die
568 3384 693 3463 sequenti
703 3400 759 3442 nou
771 3379 888 3460 obliget.
