2130 3990
75 153 136 215 ³⁹0
456 164 640 211 mimator

118 316 162 374 8⁰·
184 313 355 399 Sacrificium
367 333 419 390 per
431 333 463 372 aa
483 323 513 372 et
533 311 667 392 primarii
686 312 836 372 ordinatur
857 312 894 369 ad
916 312 1009 370 cultura

80 398 153 467 nea
175 396 389 455 Sacramentum
402 396 440 453 ad
462 403 586 453 uosbam
612 395 866 453 aanofificationam
887 393 1010 452 ostiosi-

90 487 179 539 ntum.
817 533 819 539 ,

123 560 164 616 aa
187 558 245 616 Alii
257 565 323 616 aunt
335 558 451 616 effectus
472 557 655 632 Sacramenti‚
674 557 721 617 alii
739 554 892 628 Sacrificii,
911 562 944 614 ut
955 574 1013 613 cor·

83 652 139 702 atat
149 663 187 700 ex
201 641 281 698 dictis
295 641 331 697 de
344 640 487 716 utriusque
499 640 651 698 effectibus.

124 725 167 780 ὅθ’
188 722 399 780 Sacramentum
422 741 460 779 ex
483 741 568 798 opere
594 727 709 798 operato
717 720 840 797 prodest
865 717 1015 797 suscipienti

86 804 153 865 solii
175 801 346 862 Sacrificium
358 802 507 861 celebranti
520 816 549 861 et
558 802 629 861 aliis.

198 965 235 1023 lt.
261 966 308 1029 14.
329 966 389 1026 DE
409 965 644 1026 STIPENDIO
665 964 905 1026 MlSSARUM.

88 1128 230 1204 Longo
252 1130 469 1208 stipendiorum.
512 1126 553 1187 ll.
572 1126 730 1188 Celebrant
751 1127 838 1194 licat
853 1129 961 1205 accepit
971 1133 1013 1187 tti-
1053 1117 1059 1171 ἲ

122 1212 272 1287 pendiam.
317 1208 370 1267 ΙΙΙ.
391 1209 536 1268 Taratam
561 1209 597 1268 ab
623 1209 783 1269 Ordinatio
806 1209 858 1269 rel
875 1220 1013 1268 consueta
1054 1200 1059 1231 ¹

128 1293 204 1348 diae.
248 1290 304 1350 IV.
327 1288 403 1348 Plaa
416 1293 543 1367 exigens
549 1297 655 1368 peccat
668 1301 771 1350 coatro
772 1292 944 1370 justitiam.
983 1289 1011 1349 V.
1054 1276 1059 1315 ¹

129 1370 198 1429 Noa
209 1379 308 1448 potest
323 1370 473 1429 celebratio
484 1369 572 1428 alteri
581 1374 725 1431 committi
737 1373 856 1431 retenti
870 1372 936 1430 cibi
945 1379 1012 1450 parte
1056 1362 1059 1396 ¹

128 1456 280 1530 stipendii.
323 1451 379 1512 Vl.
396 1452 464 1511 Duo
478 1455 774 1530 casrcaeocririuntar.
820 1452 896 1512 Vll.
917 1452 1013 1512 Dr‘lotio

131 1533 338 1593 celebrationis
352 1533 433 1591 altra
452 1536 524 1592 duos
546 1554 660 1592 roteneco
681 1543 725 1594 eat
747 1533 897 1593 mortalia.
941 1532 1012 1593 Vlll

129 1618 175 1673 Aa
191 1637 225 1672 ea
250 1616 405 1694 stipendiis
425 1615 542 1696 aliquid
565 1617 649 1674 licite
672 1617 845 1677 detrahatur
861 1635 925 1695 pro
946 1616 1013 1674 abdr-

126 1701 242 1758 meotis.

134 1860 156 1921 l.
180 1860 379 1931 Numanum,
399 1859 476 1937 qurld
499 1861 527 1917 ia
549 1860 687 1937 primitiva
712 1860 844 1920 Ecclesia
855 1859 955 1920 fideles
972 1861 1017 1918 sir·

90 1943 158 2021 guli,
178 1950 314 2019 quotquot
336 1943 372 1998 ad
399 1942 552 1999 Missurum
586 1943 720 2001 solemnia
743 1943 958 2013 conveniebant,
975 1962 1018 2019 pro

92 2045 143 2081 sua
170 2025 300 2082 facultate
324 2022 431 2080 Panem
454 2032 483 2081 et
497 2024 603 2082 Vinum
618 2025 757 2097 offerrent,
784 2044 906 2102 quorum
926 2023 1019 2102 exigua

93 2127 157 2181 pars
172 2103 395 2174 consecrabatur,
417 2106 562 2181 etreliqua
576 2105 676 2163 Massa
694 2106 893 2164 Sacerdotibus
909 2113 938 2164 et
962 2107 1018 2163 Cla·

91 2187 155 2244 ricis
184 2187 312 2254 cedebam
340 2194 439 2261 posteo
459 2190 585 2244 invectus
600 2195 725 2256 estmoe,
747 2189 854 2245 utloco
868 2186 1019 2245 Panomod

95 2267 192 2324 Altare
206 2268 323 2344 pecunia
336 2269 490 2338 offerretur,
511 2269 555 2325 cni
575 2270 710 2326 successit
722 2289 790 2326 usus
814 2270 917 2346 stipem
931 2269 1020 2326 Sacer·

93 2350 149 2406 doti
159 2350 318 2425 elargiendi,
330 2358 362 2405 ut
375 2349 508 2406 Sacrificii
520 2350 639 2407 fructum
651 2350 678 2406 in
693 2369 724 2407 se
738 2351 782 2407 vel
794 2350 863 2407 alios
878 2351 1018 2408 derivaret.

134 2430 180 2486 An
193 2431 297 2488 licitum
311 2440 353 2489 ast
366 2431 531 2507 stipendium
555 2433 600 2489 vel
623 2432 799 2489 honorarium
827 2432 956 2509 accipere
977 2452 1021 2508 pro

92 2511 205 2568 Missa?

136 2593 174 2650 ll.
198 2593 235 2652 R.
249 2591 438 2661 Affirmativb3
461 2613 516 2651 non
530 2593 642 2670 quidem
656 2602 786 2671 tanquam
800 2594 923 2670 pretinm
944 2593 1021 2669 ipsius

94 2675 210 2744 Missam
232 2676 285 2731 hoo
309 2676 381 2732 eninr
405 2675 585 2732 simoniacum
607 2676 689 2746 foret,
710 2677 760 2733 sed
787 2676 865 2732 titulo
890 2683 1021 2732 sustenta-

93 2757 175 2814 tionis
190 2757 335 2814 occasione
357 2755 549 2814 celebrationis
578 2756 696 2814 Missua:
719 2765 828 2814 constat
851 2776 889 2813 ex
905 2756 1022 2813 doctrina

96 2839 210 2907 Christi,
226 2837 328 2894 Matth.
347 2839 392 2895 lt).
407 2858 434 2894 v·
453 2839 499 2896 10.
524 2838 649 2914 Dignus
663 2840 865 2917 estaperoriat
889 2839 954 2895 cibo
966 2855 1021 2909 saa,

94 2940 176 2996 quam
204 2918 348 2975 confirmat
374 2919 474 2994 Apost.
492 2918 518 2975 l.
534 2921 577 2976 ad.
595 2919 654 2976 Cor
666 2920 694 2976 9.
709 2941 737 2977 v.
755 2919 800 2976 13.
847 2919 915 2986 Qua·
931 2918 1024 2978 Altom'

88 3005 273 3065 deserviant,
295 3021 359 3057 cara
376 3001 477 3057 Altarr'
484 3005 679 3079 participant.

133 3082 173 3136 2⁰·
198 3080 354 3137 Probatur:
375 3081 440 3158 quia
463 3082 600 3139 Sacerdos
623 3083 708 3140 habet
723 3081 771 3161 jus
786 3081 919 3159 exigendi
932 3099 1021 3138 necte

95 3165 167 3220 saria
180 3164 216 3218 ad
240 3162 410 3219 Sacrificium
424 3161 458 3218 ab
482 3162 525 3231 iis,
546 3163 592 3239 qni
620 3163 685 3221 illud
699 3172 813 3240 petunt:
833 3164 910 3221 inter
932 3181 1021 3219 neces·

94 3245 167 3300 soria
190 3252 283 3300 autem
303 3244 339 3300 ad
360 3244 426 3301 illad
449 3243 632 3301 ministerium
659 3253 833 3320 computatur
862 3244 1022 3302 sustentatio

94 3324 262 3396 Sacerdotis,
284 3345 338 3381 non
352 3325 442 3382 nrinirs
464 3327 548 3400 quint
561 3325 664 3394 vinnm,
690 3346 765 3396 cora,
785 3325 927 3397 Minister,
949 3321 1001 3382 &a

134 3405 336 3463 Confirmatur:
358 3406 485 3482 stipendii
499 3427 580 3464 usum
604 3415 662 3464 tota
676 3427 727 3482 per
750 3407 846 3464 orbem
868 3406 1024 3482 frequentat

95 3486 238 3545 Ecclesia:
260 3508 328 3564 ergo
341 3498 385 3544 est
397 3488 499 3560 licitus,
519 3489 572 3545 uisi
586 3490 698 3566 culpare
708 3489 840 3546 vellemus
858 3486 1023 3558 Ecclesiam,

94 3570 168 3647 quod
180 3570 355 3627 temerarium
369 3576 419 3628 est
