2130 3990
121 170 183 234 nu
489 190 668 237 canonicos
695 184 699 191 '

122 336 247 396 ordinem
261 336 302 395 rei
315 341 409 415 geelae,
430 339 478 417 qni
492 356 529 396 cx
550 358 634 396 seusu
648 345 676 396 el
687 336 896 415 significatione
910 335 1046 397 verborun

121 417 185 477 colli
208 420 270 486 'iun
292 427 323 477 ui
337 424 413 497 patet
428 418 519 477 Marci
533 439 595 497 cap.
614 423 658 477 ll.
674 438 700 477 v.
715 418 755 477 23
769 429 798 478 et
811 418 862 480 24.

163 437 220 559 ill.
235 499 372 560 Quaenam
388 505 431 557 est
444 499 535 557 forrna
550 500 738 558 Eucharistiae
754 496 967 559 conficiendae?

164 580 202 638 R.
216 581 291 639 Sunt
303 579 383 638 verba
398 579 630 639 consecrationis.

160 659 215 719 IV.
230 661 364 722 Quamvis
379 671 474 719 autern
489 662 618 720 Christus
628 682 679 740 per
691 668 858 741 potestatem
874 659 1043 721 excellentia

121 742 242 820 poluerit
254 743 315 801 sine
329 741 394 801 ullis
406 742 495 801 verbis
509 761 610 821 ponere
625 744 733 822 Corpus
741 752 770 801 et
779 743 958 820 Sanguinem
971 761 1043 803 suun

120 823 173 880 sub
201 822 346 901 speciebus
373 822 590 891 Eucharisticis3
619 844 655 881 ex
685 827 827 883 communi
854 832 955 881 tamen
975 842 1042 885 semu

122 903 258 962 Ecclesiae
281 913 386 962 certum
410 903 528 976 videtur,
550 905 694 963 Christum
718 905 818 964 iisdem
841 903 937 962 verbis
958 921 1038 963 conse·

119 1004 217 1042 crasse.
260 982 340 1043 Vide
366 984 398 1042 S.
423 984 568 1044 Thomam
595 985 708 1048 hicert.
727 985 802 1044 l.ad
820 989 849 1043 1.
893 983 1036 1045 Ubieriru

120 1066 149 1122 in
167 1065 253 1142 Corp.
277 1064 419 1144 duplicem
442 1074 522 1124 uolat
536 1065 720 1127 differentiam
742 1066 842 1125 formae
860 1064 1043 1147 Eucharislie

118 1142 298 1204 conficiendae
313 1148 331 1205 d
346 1145 441 1205 formis
455 1147 573 1206 eliorum
589 1147 845 1206 Sacrarnentorum.

159 1227 197 1286 V.
214 1226 352 1300 Observa,
364 1227 440 1306 qudd
453 1247 507 1286 non
521 1225 734 1287 sufficiaivorba
746 1228 1032 1306 consecrationispro·

117 1308 182 1366 ferri
196 1311 356 1381 narrative,
377 1308 427 1367 scd
439 1317 566 1383 oporteat
578 1329 614 1367 ea
626 1329 663 1367 ex
678 1310 799 1367 Persona
810 1308 914 1366 Christi
930 1307 1034 1388 prolerre

117 1392 277 1448 assertive:
307 1388 536 1469 quandoquidem
573 1390 711 1448 Sacerdos
738 1410 794 1449 uon
821 1388 918 1447 solum
947 1400 1033 1463 narret,

119 1469 263 1530 Christum
289 1489 340 1549 per
367 1492 402 1529 ca
423 1469 505 1528 verba
536 1472 639 1529 Panem
662 1480 692 1528 et
716 1470 821 1529 Vinum
836 1470 1034 1531 convertineein

116 1571 198 1608 suurn
226 1551 334 1629 Corpus
359 1560 388 1611 et
400 1552 584 1629 Sanguinem,
605 1552 752 1610 sedetiam
774 1553 834 1630 ipse
846 1550 949 1609 iisdem
962 1552 1034 1611 verbio

117 1642 251 1711 tanquam
277 1633 410 1691 Minister
422 1634 600 1691 secundarius
626 1631 801 1691 faciatillarn
826 1632 1035 1693 conversionem.

116 1712 213 1771 Verbo
238 1721 332 1774 autern
360 1713 556 1792 praecedentia,
579 1716 629 1793 qui
646 1714 749 1791 pridie
775 1717 865 1791 qodm
889 1718 1035 1790 poteretur,

116 1791 170 1851 dcc.
186 1793 223 1852 ad
235 1793 352 1853 formum
368 1815 423 1853 uon
432 1803 569 1873 spectent,
584 1795 631 1853 sed
640 1795 729 1853 eolrirn
741 1798 894 1853 rrarratioe
905 1794 1033 1853 dicuntur.

117 1875 185 1933 ldeo
200 1883 294 1934 tamen
310 1884 432 1955 ternpore
447 1875 669 1934 consecrationis
682 1896 737 1934 non
748 1883 790 1934 est
799 1874 964 1954 scrupulose
977 1876 1034 1935 alle·
1058 1892 1061 1945 Ι

117 1956 281 2026 horandum,
303 1966 336 2014 ut
363 1957 447 2015 verba
473 1960 501 2014 in
529 1978 610 2015 sensu
634 1959 765 2015 essertivo
787 1955 984 2035 proferentum
1003 1976 1033 2015 eo
1059 1948 1061 2003 l

113 2040 173 2115 ipso
187 2040 272 2108 enim,
294 2058 350 2116 quo
365 2037 485 2096 habetur
499 2038 624 2096 voluntas
639 2038 830 2109 consecrandi,
848 2039 905 2095 siue
920 2036 1034 2096 faciendi

113 2118 189 2195 qnod
216 2119 346 2177 Christus
374 2121 500 2188 instituit,
535 2121 672 2198 implicita
699 2128 729 2177 et
756 2116 901 2177 sufficiens
922 2118 1035 2177 habetur

112 2199 240 2259 voluntas
254 2199 411 2278 proferendi
425 2201 508 2258 verba
522 2202 550 2258 in
564 2221 647 2259 sensu
662 2201 799 2260 assertive.

153 2280 204 2338 VI.
220 2280 249 2340 S.
266 2281 393 2339 Thomas
407 2291 508 2360 quaest.
524 2285 570 2339 cir.
595 2289 646 2340 art.
661 2282 689 2339 4.
705 2281 750 2340 ad.
765 2280 794 2338 3.
809 2279 943 2353 ostendii,
963 2279 1032 2358 qudd

111 2361 195 2419 rerba
210 2362 435 2421 Consecraiionis
456 2383 536 2421 suum
562 2362 695 2420 ellectum
713 2362 820 2420 scilicet
834 2364 1037 2423 conversionem

112 2442 196 2500 l'enis
210 2445 237 2500 iu
255 2443 372 2521 Corpus,
393 2445 445 2501 &c.
462 2453 664 2521 consequantur
684 2446 713 2500 in
727 2442 783 2501 fine
797 2443 970 2521 prolationis,
991 2463 1034 2501 seu

109 2527 137 2580 in
154 2521 252 2581 ultimo
265 2525 378 2582 instanti
401 2524 561 2601 prolationis
575 2523 733 2597 verborum,
755 2543 818 2582 cunr
833 2523 933 2583 ordine
947 2535 1033 2582 tumen

108 2603 146 2661 ud
160 2602 348 2680 praecedentia
360 2605 452 2663 verba.

150 2683 221 2742 Vll.
250 2685 378 2745 Articulo
401 2686 430 2745 5.
458 2685 495 2745 ad
517 2686 547 2744 3.
573 2685 664 2754 docet,
686 2685 763 2766 quod
777 2705 837 2744 rem
851 2684 1034 2764 significatam

108 2785 164 2823 nou
192 2777 414 2846 praenpponcut,
445 2769 518 2826 siout
543 2770 745 2847 propositiones
771 2766 968 2846 speculativae;
990 2767 1034 2827 sed

106 2857 243 2926 tanquam
254 2850 456 2983 prepositiones
470 2850 599 2927 praeiicae
612 2867 676 2907 eam
689 2846 871 2925 significando
884 2846 1016 2906 efficiant.

146 2929 272 2988 Articulo
357 2929 485 2998 ostendit,
508 2928 582 3009 quud
609 2928 692 2987 verbe
706 2929 935 2989 Consecrationic
950 2929 1030 2987 Paule

105 3007 231 3067 habeant
244 3009 415 3088 completum
429 3031 513 3070 suurn
527 3009 733 3069 effectumante
744 3010 930 3091 prolationem
941 3009 1031 3068 verbo·

104 3108 168 3228 {dm
190 3088 416 3229 Cppsecreticnie
440 3093 559 3163 CulicisJ
574 3102 614 3152 nt
642 3093 727 3154 etiem
750 3111 835 3171 cupra
858 3091 969 3152 dicium
993 3097 1031 3151 ut

139 3189 195 3232 un.
253 3215 259 3229 .
