2130 3990
356 201 398 244 on
419 198 640 244 uucnssrsrrc
923 192 984 252 250

97 354 172 434 obj.
194 348 371 410 Eucharistie
392 346 516 405 consistit
541 347 571 403 in
594 366 624 404 re
647 357 825 426 permanente
850 351 985 433 indepen.

57 436 157 497 denter
169 433 206 494 ab
219 450 290 490 usu:
309 448 374 507 ergo
387 425 607 506 independenter
616 428 652 486 ab
666 429 762 489 ordine
782 433 820 491 ad
833 452 920 492 unam
942 437 984 495 vel

57 519 151 598 plures
160 513 322 576 refectiones
331 518 374 568 eet
386 510 602 567 Sacramentum
616 529 703 568 unum
716 512 760 571 vel
774 512 931 592 multiplex.

57 656 60 661 .
100 599 140 659 R.
184 596 334 671 Distinguo
361 608 472 668 conseq.
514 589 592 666 Ergo
606 589 837 668 independenter,
858 591 922 662 dic,
944 605 987 654 est

58 699 149 739 unum
162 677 205 736 vel
218 673 367 751 multiplex
380 671 409 729 in
436 675 502 728 actu
524 673 621 747 primo,
642 671 785 732 concedo:
807 679 836 735 in
859 685 924 735 actu
942 697 985 734 se-

59 760 163 833 cundo,
181 776 254 836 nego
267 768 379 830 conseq.
421 750 504 809 Patet
525 754 625 809 iterum
649 771 686 810 ex
710 754 892 815 similitudine
916 776 986 815 mox

60 845 152 920 posita
166 839 202 899 de
216 836 340 897 modulo
352 832 494 911 corporali.

99 922 174 981 lost.
201 918 278 996 Ergo
291 913 323 975 fit
344 932 446 973 novum
460 913 674 972 Sacramentum
693 914 758 973 ‘sins
782 934 856 974 nove
880 916 987 976 Conse-

61 999 204 1062 crationo?
1020 1039 1025 1049 ι

101 1083 141 1143 R.
166 1080 251 1158 Nego
272 1072 431 1155 sequelam:
464 1075 531 1152 quia
544 1072 610 1132 inde
623 1075 736 1135 tantum
748 1080 882 1156 sequitur,
912 1078 988 1156 quod

59 1164 95 1236 id,
118 1161 197 1245 quod
219 1167 282 1240 post
300 1157 543 1215 Consecrationem
561 1164 620 1214 erat
643 1176 740 1228 unum,
761 1157 812 1217 fiat
834 1159 1012 1238 multiplex·

58 1245 193 1306 divisione
206 1248 236 1300 at
248 1237 345 1299 ordine
357 1234 395 1295 ad
412 1234 506 1314 plures
527 1233 700 1308 relectiones,
716 1247 745 1297 et
764 1241 806 1298 sic
824 1260 851 1298 v.
867 1259 893 1317 g.
916 1239 985 1298 dum

58 1346 134 1407 sque
145 1327 174 1384 in
187 1329 280 1404 partes
302 1315 443 1390 dividitur,
463 1335 519 1374 non
532 1313 565 1375 fit
583 1336 654 1376 nova
665 1338 750 1398 aqua
777 1320 828 1379 sed
852 1320 986 1400 multipli-

56 1416 139 1468 cetur
152 1399 417 1465 discentinuatione.

97 1586 141 1647 N.
163 1586 192 1647 7.
215 1584 273 1645 DE
292 1576 611 1643 INSTITUTIONE
632 1579 944 1643 EUCHARlSTlAE.

276 1764 309 1826 S.
354 1763 455 1826 Thone,
476 1769 571 1838 quast.
594 1762 722 1824 73.-art.
745 1769 773 1824 5.

55 1952 83 2012 1.
108 1952 184 2028 Ejus
197 1950 345 2011 institutio
352 1952 381 2006 et
387 1948 557 2026 promoeriu.
579 1945 619 2008 11.
637 1945 777 2007 Instituta
788 1946 876 2006 estol
887 1952 985 2009 varies

96 2035 182 2103 filice,
204 2032 264 2092 HI.
287 2031 374 2110 idque
389 2032 420 2088 io
432 2026 535 2086 ultima
553 2027 643 2131 Capu.

55 2286 60 2295 .
98 2218 123 2277 1.
146 2216 370 2277 Eucasursrra
394 2212 602 2273 Institutionem
628 2213 752 2275 referunt
774 2223 828 2275 tres
856 2217 986 2296 Evange-

60 2299 138 2371 lure,
165 2297 322 2367 Matthaeus
336 2315 398 2376 cap.
419 2293 470 2353 26.
493 2295 607 2353 Marcus
622 2314 685 2376 cap.
709 2295 757 2355 14.
777 2296 909 2377 etLuoes
923 2318 985 2377 cap.

60 2378 106 2439 m.
124 2382 199 2439 item,
223 2375 373 2457 Apostolus
395 2378 421 2434 l.
450 2375 486 2436 ad
512 2374 578 2434 Cor.
616 2374 662 2435 ll.
685 2378 900 2437 promissionem
923 2383 985 2438 vero

61 2458 90 2520 σι’
113 2462 281 2519 Sermonem
308 2456 412 2516 Christi
437 2457 474 2516 de
500 2457 679 2516 Eucharistia
703 2458 873 2519 instituenda
899 2458 986 2519 refert

62 2542 186 2602 loannes
197 2539 344 2617 Evangelii
355 2539 399 2596 sui
412 2556 473 2614 cap.
494 2537 522 2596 6.

97 2623 148 2680 Ob
160 2640 245 2702 quem
259 2618 345 2679 linem
357 2620 487 2678 instituta
500 2627 542 2675 est
554 2619 751 2678 Eucharistia?

96 2701 140 2761 11.
165 2705 203 2761 R.
223 2700 379 2780 Triplieem
399 2697 486 2757 linem
500 2698 605 2776 allegat
629 2699 745 2758 catech.
790 2700 917 2760 Mechl:
941 2700 980 2760 l⁰·

62 2784 164 2843 scilicet
184 2786 214 2842 in
237 2783 403 2841 memoriam
425 2782 527 2838 amoris
540 2790 567 2837 et
590 2780 733 2839 Pamionis
749 2781 861 2844 Christi.
875 2783 926 2838 Δ2ο·
948 2784 982 2842 ln

62 2864 202 2944 spirituale
215 2865 374 2923 animarum
386 2859 559 2920 alimentum.
595 2865 637 2919 3⁰·
660 2861 692 2920 lo
713 2860 783 2940 juge
809 2862 983 2927 Sacrificium

64 2965 136 3005 novar
151 2945 246 3024 Legis.
789 2948 792 2975 ¹

98 3025 288 3097 Quandonam
303 3025 428 3082 instituta
442 3031 484 3081 est
498 3020 512 3078 i

71 3174 83 3183 ,Α
98 3106 158 3169 111.
182 3106 218 3165 R„
240 3104 361 3164 Indubie
374 3108 402 3163 io
417 3103 520 3162 ultima
544 3101 642 3176 Coeoa,
662 3110 693 3162 ut
706 3110 817 3163 constat
837 3125 875 3163 ex
896 3106 983 3164 tribus

66 3186 245 3266 Euangelistis
258 3206 328 3245 mox
351 3186 453 3251 citetis,
475 3194 504 3241 et
529 3204 566 3240 ex
596 3186 729 3261 Apostolo
753 3185 816 3243 loco
844 3187 931 3244 citato
955 3207 982 3245 v.

63 3266 106 3329 2³.
120 3269 247 3327 dicente:
271 3267 308 3324 In
323 3284 381 3346 qua
394 3273 477 3323 nocte
489 3263 672 3323 tradebatur:
687 3277 769 3342 atque
780 3269 820 3324 ita
833 3265 983 3326 definitum

66 3353 143 3421 estin
157 3351 249 3409 Cone.
271 3349 351 3406 Trio.
371 3367 442 3405 sess.
479 3345 523 3403 13.
545 3365 606 3423 cup.
630 3348 657 3404 l.
679 3345 869 3406 undedicitur
882 3350 911 3406 io
924 3347 981 3406 Ca-

66 3448 132 3491 tone
143 3429 261 3489 Misere:
287 3431 352 3496 Qus·
360 3429 457 3505 pridie
467 3431 556 3506 purim
565 3434 729 3502 pateretur,
749 3424 804 3485 &a

98 3510 186 3571 Porro
200 3522 267 3571 tunc
279 3512 474 3569 convenienter
483 3509 640 3566 institutum
650 3509 741 3577 luisse,
752 3506 883 3586 probatur
891 3529 928 3567 ex
937 3529 981 3581 eo,

66 3591 133 3670 qudd
156 3592 286 3650 Christus
303 3591 459 3669 inproprie
482 3592 575 3666 specie
591 3586 711 3666 jamjam
732 3597 806 3648 esset
828 3609 981 3649 recessurus

66 3672 265 3753 obApostolis;
286 3669 364 3730 unde
388 3670 577 3740 conveniebat,
599 3681 629 3729 ut
642 3681 710 3728 tunc
724 3670 753 3726 in
776 3670 980 3729 Sacramentali

64 3755 147 3835 specie
156 3755 284 3833 seipsum
292 3753 469 3831 relinqueret.
492 3750 604 3887 inurle
626 3751 797 3830 quiaamiois
816 3751 980 3811 abinvicem

494 3847 513 3890 r
