2130 3990
388 186 431 230 nn
452 185 618 231 samrsuo.
905 172 963 235 175

48 331 222 395 baraclerem
235 331 429 412 baptismalem
442 335 523 412 ponit
534 335 563 392 in
584 336 722 410 potestate
734 330 889 410 recipiendi
903 335 960 394 alia

48 418 227 474 incramenta.
250 415 291 473 Et
303 413 394 493 suppl.
408 434 435 494 q.
448 415 497 474 35.
511 423 563 472 art.
577 414 608 471 3.
623 416 651 473 in
669 411 757 490 Corp.
773 413 859 473 dicit:
874 416 960 486 “Qui

48 494 223 555 baracterem
245 494 439 574 baptismalem
452 515 508 555 non
525 495 620 566 babet,
637 492 750 576 nullum
763 495 840 554 aliud
862 495 959 555 Sacra·

48 584 158 636 scutrum
171 578 310 656 suscipere
322 574 443 654 petest.''

70 655 111 717 V.
128 657 252 730 Accedit,
263 656 339 736 quod
352 657 371 713 ri
382 659 487 716 sanctis
500 656 630 716 Patribus
644 659 832 749 communiter
846 656 957 738 Baptis-

48 756 92 797 aus
104 740 135 797 iu
149 757 180 797 re
192 745 338 817 susceptus
350 746 463 796 vocetur
471 738 558 817 janua
571 747 601 796 et
612 736 830 796 fundamentum
839 740 956 799 aliorum

48 822 292 897 incrementorum
314 819 392 896 atqui
412 821 474 879 sine
495 818 585 897 janua
607 838 663 878 nen
686 821 817 892 intretur,
847 830 875 880 et
896 821 957 882 sine

48 899 216 960 indumento
238 921 294 959 non
315 898 482 973 aedificatur,
501 907 532 958 ut
554 899 683 958 discurrit
705 899 804 959 Innoc.
820 899 876 958 111.
891 921 955 981 cap.

48 980 179 1040 inuisus
196 1000 279 1061 supra
287 981 337 1039 cit.
350 979 461 1040 Deinde
470 980 579 1054 aceedit
590 983 661 1040 ratio
675 983 861 1057 congruentia
871 981 958 1061 juxta

48 1059 242 1121 irnilitudinem
249 1064 335 1122 status
342 1063 406 1120 vite
417 1063 565 1143 spiritualis
574 1061 611 1121 ad
620 1068 723 1122 statum
734 1063 796 1119 vitae
807 1065 956 1135 naturalis;

48 1163 60 1203 n
71 1143 244 1203 naturalibus
256 1145 332 1203 enim
345 1143 422 1222 priris
435 1143 522 1203 hemo
535 1152 692 1222 generator,
705 1140 791 1221 'quim
805 1142 956 1216 roboretur,

48 1226 174 1296 laniatu,
200 1221 279 1286 ue..
306 1224 384 1301 Ergo
410 1225 536 1285 similiter
563 1224 647 1285 debet
674 1223 851 1302 spiritualiter
873 1228 957 1303 prius

48 1306 105 1365 naci
122 1304 382 1446 pargzpiaptismum,
404 1315 557 1387 antequam
579 1306 721 1366 roboretur
733 1323 784 1384 per
798 1303 956 1366 Confirma-

48 1404 145 1460 nnm,
215 1430 222 1444 .

55 1466 316 1535 :Deindeinveteri
324 1467 400 1547 Lege
409 1469 487 1548 priris
497 1468 617 1528 debebat
624 1470 687 1547 quis
697 1487 755 1526 esse
765 1469 952 1540 circumcisus,

48 1555 180 1628 alequam
198 1556 293 1628 posset
309 1552 473 1629 participare
486 1549 524 1610 de
536 1550 686 1609 Sacrificiis
700 1557 751 1609 aut
762 1551 955 1610 sacramentis

48 1632 123 1691 sura
137 1629 239 1707 Iegis:
259 1627 403 1708 ergo‚&c.
552 1696 555 1701 Α
620 1652 628 1681 κ
665 1648 669 1655 ·

67 1709 140 1788 Obj.
166 1710 233 1770 Non
247 1711 407 1789 baptizatus
420 1711 519 1770 saltem
532 1719 625 1793 potest
637 1712 775 1791 suscipere
790 1713 955 1774 Sacramen-

48 1810 87 1853 un
101 1791 306 1851 Eucharistiae:
328 1811 402 1871 ergo,
424 1790 479 1850 &a

68 1872 108 1931 R.
129 1872 213 1932 Talis
236 1872 350 1951 quidem
361 1874 494 1951 suscipiet
508 1871 713 1932 Eucharistiam
728 1895 765 1933 ex
772 1881 858 1952 porte
872 1895 953 1935 man-

48 1956 140 2028 uenti,
161 1973 212 2012 eeu
233 1955 366 2032 suscipiet
388 1953 503 2033 quidem
526 1953 596 2013 illud
619 1954 843 2023 Sacramentum,
857 1965 955 2034 utpote

48 2034 104 2095 ned
116 2034 250 2094 consistat
259 2053 288 2093 1n
303 2054 333 2092 re
347 2037 535 2114 permanenti;
551 2035 664 2094 sednon
676 2037 811 2114 suscipiet
823 2049 955 2116 exparte

48 2117 244 2189 mducanlis,
264 2135 314 2174 seu
337 2115 409 2174 illud
431 2118 644 2175 Sacramentum
664 2136 720 2174 non
736 2118 897 2196 operabitur
910 2137 954 2177 sa·

48 2197 232 2257 ramentaliter
242 2196 351 2256 deiectu
360 2197 541 2276 subjecti,seu
554 2196 750 2257 manducantis
761 2223 768 2270 ;
782 2200 907 2258 similiter
920 2218 954 2258 aa

48 2280 199 2357 intingeret
211 2276 247 2336 ob
261 2275 401 2336 defectum
415 2280 572 2336 intentionis
585 2281 613 2336 in
629 2298 694 2337 casu
715 2297 770 2353 quo
784 2281 846 2357 quis
859 2300 953 2339 suma-

48 2358 222 2426 suestram,
247 2377 332 2436 quam
355 2364 473 2419 nesciret
486 2370 684 2419 consecratam.
728 2360 839 2418 Caetera
858 2368 954 2420 autem

48 2442 148 2518 niaque
162 2439 355 2507 Sacramenta,
375 2447 472 2519 utpote
485 2441 665 2499 consistentia
677 2443 706 2499 in
720 2461 749 2498 re
764 2446 952 2501 transeuntei

48 2540 79 2581 on
93 2521 238 2599 baptizato
260 2528 390 2599 suscepta
411 2541 467 2579 non
491 2521 583 2579 solum
605 2530 685 2583 erunt
698 2521 880 2591 infructuosa,
902 2524 951 2581 sed

48 2604 109 2661 iam
123 2600 264 2660 invalidar
285 2603 357 2659 sicut
380 2623 404 2660 v.
427 2621 454 2681 g.
476 2604 505 2660 iu
527 2622 602 2676 casu,
626 2622 681 2682 quo
704 2623 787 2660 sanus
800 2607 953 2683 susciperet

48 2680 386 2821 lxtrcmalm-Unctionem.
421 2684 500 2742 Alias
514 2684 682 2763 objectiones
695 2683 756 2742 vide
771 2684 847 2762 apud
864 2685 952 2744 Dael·

48 2783 87 2825 run
100 2772 131 2825 et
144 2784 161 2821 a
173 2766 223 2821 ios.

153 2944 194 3004 N.
215 2943 265 3005 20.
288 2945 348 3004 Du
369 2945 585 3007 SUBJECTO
608 2944 817 3049 BpPTISMI.

205 3124 236 3184 S.
253 3124 350 3186 Thcm.
366 3136 474 3207 querat.
484 3126 531 3188 68.
547 3134 605 3187 art.
620 3127 648 3186 4.
664 3135 764 3209 etseq.

62 3307 239 3389 ,Subjecium
254 3316 300 3369 est
313 3312 507 3370 omnishomo
522 3317 623 3372 violer.
666 3312 708 3373 Il.
730 3312 828 3372 Etiam
845 3330 948 3373 orrens

332 3402 455 3470 peccato
468 3393 624 3471 originali.

62 3570 224 3634 Quocunru
238 3579 280 3634 est
292 3574 450 3654 subjectum
464 3597 557 3655 capax
571 3578 744 3635 Sacramenti
761 3578 920 3654 Baptismi?

62 3650 87 3709 1.
110 3653 149 3715 R.
172 3654 276 3716 Omnis
298 3664 328 3718 et
348 3657 422 3720 solus
435 3658 522 3798 horrpo
534 3660 620 3720 vietor
632 3656 759 3718 nondum
773 3659 864 3718 valide
879 3659 946 3737 bap·

465 3756 483 3797 Ρ
