<?xml version="1.0" encoding="UTF-8"?>
<!DOCTYPE html PUBLIC "-//W3C//DTD XHTML 1.0 Transitional//EN"
    "http://www.w3.org/TR/xhtml1/DTD/xhtml1-transitional.dtd">
<html xmlns="http://www.w3.org/1999/xhtml" xml:lang="en" lang="en">
 <head>
  <title>
</title>
<meta http-equiv="Content-Type" content="text/html;charset=utf-8" />
  <meta name='ocr-system' content='tesseract 3.04.00' />
  <meta name='ocr-capabilities' content='ocr_page ocr_carea ocr_par ocr_line ocrx_word'/>
</head>
<body>
  <div class='ocr_page' id='page_1' title='image "./theologiamorali02densgoog_0343.png"; bbox 0 0 2130 3990; ppageno 0'>
   <div class='ocr_carea' id='block_1_1' title="bbox 116 190 684 254">
    <p class='ocr_par' dir='ltr' id='par_1_1' title="bbox 116 190 684 254">
     <span class='ocr_line' id='line_1_1' title="bbox 116 190 684 254; baseline 0.002 -1"><span class='ocrx_word' id='word_1_1' title='bbox 116 190 176 253; x_wconf 71' lang='lat'><strong>³80</strong></span> <span class='ocrx_word' id='word_1_2' title='bbox 507 208 684 254; x_wconf 77' lang='lat' dir='ltr'><strong>reamarns</strong></span> 
     </span>
    </p>
   </div>
   <div class='ocr_carea' id='block_1_2' title="bbox 110 353 1065 2214">
    <p class='ocr_par' dir='ltr' id='par_1_2' title="bbox 113 353 1033 598">
     <span class='ocr_line' id='line_1_2' title="bbox 159 353 1032 436; baseline 0.002 -23"><span class='ocrx_word' id='word_1_3' title='bbox 159 357 196 415; x_wconf 83' lang='lat' dir='ltr'><strong>li.</strong></span> <span class='ocrx_word' id='word_1_4' title='bbox 222 357 377 435; x_wconf 83' lang='lat' dir='ltr'><strong>Nunquam</strong></span> <span class='ocrx_word' id='word_1_5' title='bbox 391 356 420 414; x_wconf 89' lang='lat' dir='ltr'><strong>in</strong></span> <span class='ocrx_word' id='word_1_6' title='bbox 447 356 579 415; x_wconf 87' lang='lat' dir='ltr'><strong>alterutro</strong></span> <span class='ocrx_word' id='word_1_7' title='bbox 598 377 666 415; x_wconf 87' lang='lat' dir='ltr'><strong>casu</strong></span> <span class='ocrx_word' id='word_1_8' title='bbox 680 353 735 413; x_wconf 90' lang='lat' dir='ltr'><strong>suit</strong></span> <span class='ocrx_word' id='word_1_9' title='bbox 749 355 812 416; x_wconf 86' lang='lat' dir='ltr'><strong>talia</strong></span> <span class='ocrx_word' id='word_1_10' title='bbox 826 357 925 436; x_wconf 80' lang='lat' dir='ltr'>praxis</span> <span class='ocrx_word' id='word_1_11' title='bbox 938 357 1032 415; x_wconf 77' lang='lat' dir='ltr'><strong>univcr-</strong></span> 
     </span>
     <span class='ocr_line' id='line_1_3' title="bbox 113 437 1033 517; baseline 0 -22"><span class='ocrx_word' id='word_1_12' title='bbox 113 438 181 495; x_wconf 81' lang='lat' dir='ltr'><strong>sulis</strong></span> <span class='ocrx_word' id='word_1_13' title='bbox 208 437 354 510; x_wconf 73' lang='lat' dir='ltr'><strong>Ecclesia,</strong></span> <span class='ocrx_word' id='word_1_14' title='bbox 372 456 490 517; x_wconf 82' lang='lat' dir='ltr'><strong>eamque</strong></span> <span class='ocrx_word' id='word_1_15' title='bbox 510 438 720 514; x_wconf 76' lang='lat' dir='ltr'><strong>particularium</strong></span> <span class='ocrx_word' id='word_1_16' title='bbox 731 437 925 516; x_wconf 86' lang='lat' dir='ltr'><strong>quarumdam</strong></span> <span class='ocrx_word' id='word_1_17' title='bbox 948 437 1033 496; x_wconf 74' lang='lat' dir='ltr'><strong>Eccle-</strong></span> 
     </span>
     <span class='ocr_line' id='line_1_4' title="bbox 115 517 854 598; baseline -0.003 -22"><span class='ocrx_word' id='word_1_18' title='bbox 115 521 217 576; x_wconf 89' lang='lat' dir='ltr'><strong>siamm</strong></span> <span class='ocrx_word' id='word_1_19' title='bbox 232 518 406 598; x_wconf 78' lang='lat' dir='ltr'><strong>disciplinam</strong></span> <span class='ocrx_word' id='word_1_20' title='bbox 418 517 577 598; x_wconf 88' lang='lat' dir='ltr'><strong>improbant</strong></span> <span class='ocrx_word' id='word_1_21' title='bbox 590 520 683 598; x_wconf 89' lang='lat' dir='ltr'><strong>plures</strong></span> <span class='ocrx_word' id='word_1_22' title='bbox 697 518 854 597; x_wconf 84' lang='lat' dir='ltr'><strong>Theologi.</strong></span> 
     </span>
    </p>

    <p class='ocr_par' dir='ltr' id='par_1_3' title="bbox 114 599 1033 741">
     <span class='ocr_line' id='line_1_5' title="bbox 156 599 1033 679; baseline 0.002 -23"><span class='ocrx_word' id='word_1_23' title='bbox 156 599 202 657; x_wconf 86' lang='lat' dir='ltr'><strong>An</strong></span> <span class='ocrx_word' id='word_1_24' title='bbox 219 599 276 672; x_wconf 87' lang='lat' dir='ltr'><strong>ille,</strong></span> <span class='ocrx_word' id='word_1_25' title='bbox 296 602 386 679; x_wconf 91' lang='lat' dir='ltr'><strong>quiin</strong></span> <span class='ocrx_word' id='word_1_26' title='bbox 401 600 517 658; x_wconf 85' lang='lat' dir='ltr'><strong>articulo</strong></span> <span class='ocrx_word' id='word_1_27' title='bbox 541 602 635 658; x_wconf 88' lang='lat' dir='ltr'><strong>mortis</strong></span> <span class='ocrx_word' id='word_1_28' title='bbox 649 619 704 657; x_wconf 89' lang='lat' dir='ltr'><strong>non</strong></span> <span class='ocrx_word' id='word_1_29' title='bbox 720 600 950 670; x_wconf 81' lang='lat' dir='ltr'><strong>communicarit,</strong></span> <span class='ocrx_word' id='word_1_30' title='bbox 967 607 1033 658; x_wconf 77' lang='lat' dir='ltr'><strong>tono·</strong></span> 
     </span>
     <span class='ocr_line' id='line_1_6' title="bbox 114 679 614 741; baseline -0.01 0"><span class='ocrx_word' id='word_1_31' title='bbox 114 689 162 741; x_wconf 83' lang='lat' dir='ltr'><strong>tur</strong></span> <span class='ocrx_word' id='word_1_32' title='bbox 174 681 222 739; x_wconf 91' lang='lat' dir='ltr'><strong>illo</strong></span> <span class='ocrx_word' id='word_1_33' title='bbox 236 690 374 739; x_wconf 86' lang='lat' dir='ltr'><strong>transacto</strong></span> <span class='ocrx_word' id='word_1_34' title='bbox 387 679 614 739; x_wconf 77' lang='lat' dir='ltr'><strong>communicare?</strong></span> 
     </span>
    </p>

    <p class='ocr_par' dir='ltr' id='par_1_4' title="bbox 112 760 1065 1146">
     <span class='ocr_line' id='line_1_7' title="bbox 158 760 1060 841; baseline 0.001 -22"><span class='ocrx_word' id='word_1_35' title='bbox 158 761 194 819; x_wconf 87' lang='lat' dir='ltr'><strong>R.</strong></span> <span class='ocrx_word' id='word_1_36' title='bbox 212 761 252 818; x_wconf 84' lang='lat'><strong>1⁰·</strong></span> <span class='ocrx_word' id='word_1_37' title='bbox 270 764 427 840; x_wconf 79' lang='lat' dir='ltr'><strong>Negotive3</strong></span> <span class='ocrx_word' id='word_1_38' title='bbox 448 765 471 819; x_wconf 92' lang='lat' dir='ltr'><strong>si</strong></span> <span class='ocrx_word' id='word_1_39' title='bbox 484 780 587 841; x_wconf 89' lang='lat' dir='ltr'><strong>nempe</strong></span> <span class='ocrx_word' id='word_1_40' title='bbox 605 760 718 818; x_wconf 78' lang='lat' dir='ltr'><strong>aliunde</strong></span> <span class='ocrx_word' id='word_1_41' title='bbox 730 780 788 819; x_wconf 90' lang='lat' dir='ltr'><strong>non</strong></span> <span class='ocrx_word' id='word_1_42' title='bbox 801 760 964 839; x_wconf 87' lang='lat' dir='ltr'><strong>obligetur;</strong></span> <span class='ocrx_word' id='word_1_43' title='bbox 979 763 1032 838; x_wconf 80' lang='lat' dir='ltr'><strong>qnia</strong></span> <span class='ocrx_word' id='word_1_44' title='bbox 1058 779 1060 797; x_wconf 60' lang='lat'><em>¹</em></span> 
     </span>
     <span class='ocr_line' id='line_1_8' title="bbox 114 840 1059 921; baseline 0.002 -22"><span class='ocrx_word' id='word_1_45' title='bbox 114 849 225 920; x_wconf 85' lang='lat' dir='ltr'><strong>tempus</strong></span> <span class='ocrx_word' id='word_1_46' title='bbox 248 847 276 900; x_wconf 90' lang='lat' dir='ltr'><strong>in</strong></span> <span class='ocrx_word' id='word_1_47' title='bbox 299 862 363 902; x_wconf 81' lang='lat' dir='ltr'><strong>casu</strong></span> <span class='ocrx_word' id='word_1_48' title='bbox 389 850 501 901; x_wconf 89' lang='lat' dir='ltr'><strong>nonest</strong></span> <span class='ocrx_word' id='word_1_49' title='bbox 523 841 700 902; x_wconf 80' lang='lat' dir='ltr'><strong>solummodo</strong></span> <span class='ocrx_word' id='word_1_50' title='bbox 714 844 877 921; x_wconf 86' lang='lat' dir='ltr'><strong>appositum</strong></span> <span class='ocrx_word' id='word_1_51' title='bbox 892 841 931 900; x_wconf 89' lang='lat' dir='ltr'><strong>ad</strong></span> <span class='ocrx_word' id='word_1_52' title='bbox 944 840 1030 901; x_wconf 85' lang='lat' dir='ltr'><strong>sollici·</strong></span> <span class='ocrx_word' id='word_1_53' title='bbox 1057 860 1059 884; x_wconf 36' lang='grc' dir='ltr'><em>ἰ</em></span> 
     </span>
     <span class='ocr_line' id='line_1_9' title="bbox 113 921 1062 1003; baseline 0.001 -23"><span class='ocrx_word' id='word_1_54' title='bbox 113 923 226 981; x_wconf 77' lang='lat' dir='ltr'><strong>undam</strong></span> <span class='ocrx_word' id='word_1_55' title='bbox 241 924 441 1003; x_wconf 81' lang='lat' dir='ltr'><strong>obligationem</strong></span> <span class='ocrx_word' id='word_1_56' title='bbox 452 924 500 995; x_wconf 81' lang='lat' dir='ltr'><strong>(ut</strong></span> <span class='ocrx_word' id='word_1_57' title='bbox 512 921 543 982; x_wconf 86' lang='lat' dir='ltr'><strong>fit</strong></span> <span class='ocrx_word' id='word_1_58' title='bbox 555 942 579 980; x_wconf 80' lang='lat' dir='ltr'><strong>v.</strong></span> <span class='ocrx_word' id='word_1_59' title='bbox 593 942 612 1001; x_wconf 82' lang='lat' dir='ltr'>g</span> <span class='ocrx_word' id='word_1_60' title='bbox 634 927 663 980; x_wconf 93' lang='lat' dir='ltr'><strong>in</strong></span> <span class='ocrx_word' id='word_1_61' title='bbox 675 922 888 981; x_wconf 86' lang='lat' dir='ltr'><strong>Communione</strong></span> <span class='ocrx_word' id='word_1_62' title='bbox 901 922 1029 1000; x_wconf 78' lang='lat' dir='ltr'><strong>Paschali)</strong></span> <span class='ocrx_word' id='word_1_63' title='bbox 1058 943 1062 963; x_wconf 77' lang='lat'>²</span> 
     </span>
     <span class='ocr_line' id='line_1_10' title="bbox 112 1002 1060 1083; baseline 0.004 -25"><span class='ocrx_word' id='word_1_64' title='bbox 112 1002 160 1061; x_wconf 82' lang='lat' dir='ltr'><strong>sed</strong></span> <span class='ocrx_word' id='word_1_65' title='bbox 175 1004 213 1062; x_wconf 84' lang='lat' dir='ltr'><strong>ad</strong></span> <span class='ocrx_word' id='word_1_66' title='bbox 226 1003 304 1063; x_wconf 82' lang='lat' dir='ltr'><strong>illam</strong></span> <span class='ocrx_word' id='word_1_67' title='bbox 331 1002 494 1083; x_wconf 85' lang='lat' dir='ltr'><strong>simpliciter</strong></span> <span class='ocrx_word' id='word_1_68' title='bbox 506 1004 674 1075; x_wconf 67' lang='lat' dir='ltr'><strong>finiendam</strong></span> <span class='ocrx_word' id='word_1_69' title='bbox 696 1011 727 1060; x_wconf 88' lang='lat' dir='ltr'><strong>ut</strong></span> <span class='ocrx_word' id='word_1_70' title='bbox 740 1023 766 1060; x_wconf 90' lang='lat' dir='ltr'><strong>v.</strong></span> <span class='ocrx_word' id='word_1_71' title='bbox 777 1022 805 1082; x_wconf 84' lang='lat' dir='ltr'><strong>g.</strong></span> <span class='ocrx_word' id='word_1_72' title='bbox 820 1003 859 1062; x_wconf 87' lang='lat' dir='ltr'><strong>ad</strong></span> <span class='ocrx_word' id='word_1_73' title='bbox 874 1002 1028 1062; x_wconf 80' lang='lat' dir='ltr'><strong>audiendam</strong></span> <span class='ocrx_word' id='word_1_74' title='bbox 1059 1035 1060 1040; x_wconf 17' lang='grc' dir='ltr'><strong>κ</strong></span> 
     </span>
     <span class='ocr_line' id='line_1_11' title="bbox 113 1082 1065 1146; baseline 0.005 -7"><span class='ocrx_word' id='word_1_75' title='bbox 113 1082 228 1143; x_wconf 74' lang='lat' dir='ltr'><strong>Missam</strong></span> <span class='ocrx_word' id='word_1_76' title='bbox 244 1085 290 1146; x_wconf 89' lang='lat' dir='ltr'><strong>dio</strong></span> <span class='ocrx_word' id='word_1_77' title='bbox 306 1084 389 1144; x_wconf 86' lang='lat' dir='ltr'><strong>festo.</strong></span> <span class='ocrx_word' id='word_1_78' title='bbox 1064 1103 1065 1106; x_wconf 71' lang='grc'>’</span> 
     </span>
    </p>

    <p class='ocr_par' dir='ltr' id='par_1_5' title="bbox 111 1164 1065 1501">
     <span class='ocr_line' id='line_1_12' title="bbox 152 1164 1029 1245; baseline 0.003 -24"><span class='ocrx_word' id='word_1_79' title='bbox 152 1164 203 1223; x_wconf 88' lang='lat' dir='ltr'><strong>IV.</strong></span> <span class='ocrx_word' id='word_1_80' title='bbox 216 1165 258 1221; x_wconf 77' lang='lat'><strong>2⁰·</strong></span> <span class='ocrx_word' id='word_1_81' title='bbox 274 1164 451 1245; x_wconf 83' lang='lat' dir='ltr'><strong>Praeoeptum</strong></span> <span class='ocrx_word' id='word_1_82' title='bbox 473 1164 699 1224; x_wconf 81' lang='lat' dir='ltr'><strong>communicandi</strong></span> <span class='ocrx_word' id='word_1_83' title='bbox 714 1185 763 1245; x_wconf 88' lang='lat' dir='ltr'><strong>per</strong></span> <span class='ocrx_word' id='word_1_84' title='bbox 782 1185 814 1224; x_wconf 87' lang='lat' dir='ltr'><strong>sa</strong></span> <span class='ocrx_word' id='word_1_85' title='bbox 830 1164 1029 1243; x_wconf 73' lang='lat' dir='ltr'><strong>obligatoriam</strong></span> 
     </span>
     <span class='ocr_line' id='line_1_13' title="bbox 111 1246 1065 1325; baseline 0.002 -22"><span class='ocrx_word' id='word_1_86' title='bbox 111 1246 214 1323; x_wconf 90' lang='lat' dir='ltr'><strong>pluries</strong></span> <span class='ocrx_word' id='word_1_87' title='bbox 234 1250 262 1305; x_wconf 90' lang='lat' dir='ltr'><strong>in</strong></span> <span class='ocrx_word' id='word_1_88' title='bbox 277 1250 353 1306; x_wconf 87' lang='lat' dir='ltr'><strong>vita:</strong></span> <span class='ocrx_word' id='word_1_89' title='bbox 373 1259 434 1304; x_wconf 89' lang='lat' dir='ltr'><strong>tum</strong></span> <span class='ocrx_word' id='word_1_90' title='bbox 448 1248 517 1325; x_wconf 82' lang='lat' dir='ltr'><strong>quis</strong></span> <span class='ocrx_word' id='word_1_91' title='bbox 531 1247 585 1304; x_wconf 87' lang='lat' dir='ltr'><strong>hoc</strong></span> <span class='ocrx_word' id='word_1_92' title='bbox 597 1250 811 1305; x_wconf 75' lang='lat' dir='ltr'><strong>Sacramentum</strong></span> <span class='ocrx_word' id='word_1_93' title='bbox 826 1249 988 1306; x_wconf 83' lang='lat' dir='ltr'><strong>institutum</strong></span> <span class='ocrx_word' id='word_1_94' title='bbox 998 1256 1029 1305; x_wconf 77' lang='lat' dir='ltr'><strong>st</strong></span> <span class='ocrx_word' id='word_1_95' title='bbox 1064 1267 1065 1270; x_wconf 45' lang='lat'>¹</span> 
     </span>
     <span class='ocr_line' id='line_1_14' title="bbox 111 1327 1029 1406; baseline 0.004 -23"><span class='ocrx_word' id='word_1_96' title='bbox 111 1328 283 1405; x_wconf 74' lang='lat' dir='ltr'><strong>posmodum</strong></span> <span class='ocrx_word' id='word_1_97' title='bbox 294 1328 348 1387; x_wconf 89' lang='lat' dir='ltr'><strong>cibi</strong></span> <span class='ocrx_word' id='word_1_98' title='bbox 358 1327 517 1406; x_wconf 88' lang='lat' dir='ltr'><strong>spiritualis,</strong></span> <span class='ocrx_word' id='word_1_99' title='bbox 531 1333 591 1386; x_wconf 90' lang='lat' dir='ltr'><strong>tum</strong></span> <span class='ocrx_word' id='word_1_100' title='bbox 599 1329 627 1386; x_wconf 89' lang='lat' dir='ltr'><strong>in</strong></span> <span class='ocrx_word' id='word_1_101' title='bbox 637 1328 734 1406; x_wconf 84' lang='lat' dir='ltr'><strong>jugem</strong></span> <span class='ocrx_word' id='word_1_102' title='bbox 747 1327 1029 1388; x_wconf 82' lang='lat' dir='ltr'><strong>PassionisetMortir</strong></span> 
     </span>
     <span class='ocr_line' id='line_1_15' title="bbox 112 1406 1065 1501; baseline 0.007 -37"><span class='ocrx_word' id='word_1_103' title='bbox 112 1406 216 1468; x_wconf 79' lang='lat' dir='ltr'><strong>Christi</strong></span> <span class='ocrx_word' id='word_1_104' title='bbox 230 1414 403 1467; x_wconf 85' lang='lat' dir='ltr'><strong>memoriam.</strong></span> <span class='ocrx_word' id='word_1_105' title='bbox 1062 1455 1065 1501; x_wconf 67' lang='grc' dir='ltr'>Ι</span> 
     </span>
    </p>

    <p class='ocr_par' dir='ltr' id='par_1_6' title="bbox 110 1486 1065 1975">
     <span class='ocr_line' id='line_1_16' title="bbox 151 1486 1065 1586; baseline -0.001 -37"><span class='ocrx_word' id='word_1_106' title='bbox 151 1487 273 1550; x_wconf 79' lang='lat' dir='ltr'><strong>Quoties</strong></span> <span class='ocrx_word' id='word_1_107' title='bbox 287 1499 380 1548; x_wconf 90' lang='lat' dir='ltr'><strong>autem</strong></span> <span class='ocrx_word' id='word_1_108' title='bbox 395 1494 424 1547; x_wconf 92' lang='lat' dir='ltr'><strong>in</strong></span> <span class='ocrx_word' id='word_1_109' title='bbox 438 1488 555 1547; x_wconf 88' lang='lat' dir='ltr'><strong>decursu</strong></span> <span class='ocrx_word' id='word_1_110' title='bbox 565 1490 627 1547; x_wconf 77' lang='lat' dir='ltr'><strong>vitas</strong></span> <span class='ocrx_word' id='word_1_111' title='bbox 639 1508 687 1568; x_wconf 87' lang='lat' dir='ltr'><strong>per</strong></span> <span class='ocrx_word' id='word_1_112' title='bbox 700 1508 731 1546; x_wconf 87' lang='lat' dir='ltr'><strong>ss</strong></span> <span class='ocrx_word' id='word_1_113' title='bbox 743 1489 849 1565; x_wconf 84' lang='lat' dir='ltr'><strong>obliget</strong></span> <span class='ocrx_word' id='word_1_114' title='bbox 857 1489 928 1568; x_wconf 87' lang='lat' dir='ltr'><strong>jure</strong></span> <span class='ocrx_word' id='word_1_115' title='bbox 941 1486 1029 1559; x_wconf 73' lang='lat' dir='ltr'><strong>divino,</strong></span> <span class='ocrx_word' id='word_1_116' title='bbox 1062 1536 1065 1586; x_wconf 62' lang='grc' dir='ltr'>Ι</span> 
     </span>
     <span class='ocr_line' id='line_1_17' title="bbox 111 1567 1065 1648; baseline -0.003 -20"><span class='ocrx_word' id='word_1_117' title='bbox 111 1567 323 1631; x_wconf 81' lang='lat' dir='ltr'><strong>determinatum</strong></span> <span class='ocrx_word' id='word_1_118' title='bbox 343 1591 397 1630; x_wconf 90' lang='lat' dir='ltr'><strong>non</strong></span> <span class='ocrx_word' id='word_1_119' title='bbox 411 1573 567 1639; x_wconf 61' lang='lat' dir='ltr'><strong>insanitum</strong></span> <span class='ocrx_word' id='word_1_120' title='bbox 590 1569 664 1627; x_wconf 86' lang='lat' dir='ltr'><strong>undo</strong></span> <span class='ocrx_word' id='word_1_121' title='bbox 688 1570 934 1648; x_wconf 81' lang='lat' dir='ltr'><strong>juxtaSteyaort,</strong></span> <span class='ocrx_word' id='word_1_122' title='bbox 957 1569 1029 1626; x_wconf 76' lang='lat' dir='ltr'><strong>Duel-</strong></span> <span class='ocrx_word' id='word_1_123' title='bbox 1063 1616 1065 1644; x_wconf 79' lang='grc'>,</span> 
     </span>
     <span class='ocr_line' id='line_1_18' title="bbox 111 1648 1065 1729; baseline -0.001 -20"><span class='ocrx_word' id='word_1_124' title='bbox 111 1670 176 1709; x_wconf 89' lang='lat' dir='ltr'><strong>man</strong></span> <span class='ocrx_word' id='word_1_125' title='bbox 192 1661 221 1710; x_wconf 92' lang='lat' dir='ltr'><strong>et</strong></span> <span class='ocrx_word' id='word_1_126' title='bbox 247 1652 365 1711; x_wconf 90' lang='lat' dir='ltr'><strong>Billuart</strong></span> <span class='ocrx_word' id='word_1_127' title='bbox 378 1661 473 1710; x_wconf 86' lang='lat' dir='ltr'><strong>contra</strong></span> <span class='ocrx_word' id='word_1_128' title='bbox 488 1649 629 1722; x_wconf 86' lang='lat' dir='ltr'><strong>Pauwals‚</strong></span> <span class='ocrx_word' id='word_1_129' title='bbox 649 1661 777 1708; x_wconf 85' lang='lat' dir='ltr'><strong>censetur</strong></span> <span class='ocrx_word' id='word_1_130' title='bbox 790 1671 841 1729; x_wconf 85' lang='lat' dir='ltr'><strong>par</strong></span> <span class='ocrx_word' id='word_1_131' title='bbox 852 1670 886 1708; x_wconf 88' lang='lat' dir='ltr'><strong>sa</strong></span> <span class='ocrx_word' id='word_1_132' title='bbox 901 1648 1028 1728; x_wconf 85' lang='lat' dir='ltr'><strong>loquendo</strong></span> <span class='ocrx_word' id='word_1_133' title='bbox 1063 1651 1065 1671; x_wconf 92' lang='lat'>&#39;</span> 
     </span>
     <span class='ocr_line' id='line_1_19' title="bbox 110 1731 1029 1811; baseline -0.003 -20"><span class='ocrx_word' id='word_1_134' title='bbox 110 1731 154 1791; x_wconf 90' lang='lat' dir='ltr'><strong>illi</strong></span> <span class='ocrx_word' id='word_1_135' title='bbox 168 1734 335 1800; x_wconf 80' lang='lat' dir='ltr'><strong>satisfacere,</strong></span> <span class='ocrx_word' id='word_1_136' title='bbox 357 1734 404 1811; x_wconf 89' lang='lat' dir='ltr'><strong>qui</strong></span> <span class='ocrx_word' id='word_1_137' title='bbox 424 1731 509 1790; x_wconf 86' lang='lat' dir='ltr'><strong>semel</strong></span> <span class='ocrx_word' id='word_1_138' title='bbox 524 1734 551 1790; x_wconf 90' lang='lat' dir='ltr'><strong>in</strong></span> <span class='ocrx_word' id='word_1_139' title='bbox 574 1752 648 1790; x_wconf 85' lang='lat' dir='ltr'><strong>anno</strong></span> <span class='ocrx_word' id='word_1_140' title='bbox 661 1735 874 1803; x_wconf 86' lang='lat' dir='ltr'><strong>communicat;</strong></span> <span class='ocrx_word' id='word_1_141' title='bbox 898 1734 1029 1807; x_wconf 76' lang='lat' dir='ltr'><strong>quincius</strong></span> 
     </span>
     <span class='ocr_line' id='line_1_20' title="bbox 112 1810 1065 1893; baseline 0 -24"><span class='ocrx_word' id='word_1_142' title='bbox 112 1813 240 1872; x_wconf 76' lang='lat' dir='ltr'><strong>Ecclesia</strong></span> <span class='ocrx_word' id='word_1_143' title='bbox 265 1835 321 1873; x_wconf 89' lang='lat' dir='ltr'><strong>nou</strong></span> <span class='ocrx_word' id='word_1_144' title='bbox 335 1815 398 1892; x_wconf 91' lang='lat' dir='ltr'><strong>plus</strong></span> <span class='ocrx_word' id='word_1_145' title='bbox 412 1813 514 1888; x_wconf 82' lang='lat' dir='ltr'><strong>exiget,</strong></span> <span class='ocrx_word' id='word_1_146' title='bbox 536 1832 592 1870; x_wconf 90' lang='lat' dir='ltr'><strong>nou</strong></span> <span class='ocrx_word' id='word_1_147' title='bbox 619 1814 687 1870; x_wconf 84' lang='lat' dir='ltr'><strong>sotis</strong></span> <span class='ocrx_word' id='word_1_148' title='bbox 701 1813 784 1870; x_wconf 83' lang='lat' dir='ltr'><strong>saluti</strong></span> <span class='ocrx_word' id='word_1_149' title='bbox 808 1810 942 1870; x_wconf 89' lang='lat' dir='ltr'><strong>fidelium</strong></span> <span class='ocrx_word' id='word_1_150' title='bbox 954 1812 1029 1890; x_wconf 77' lang='lat' dir='ltr'><strong>proti·</strong></span> <span class='ocrx_word' id='word_1_151' title='bbox 1064 1879 1065 1893; x_wconf 20' lang='lat' dir='ltr'><strong>p</strong></span> 
     </span>
     <span class='ocr_line' id='line_1_21' title="bbox 111 1891 817 1975; baseline -0.001 -25"><span class='ocrx_word' id='word_1_152' title='bbox 111 1891 205 1967; x_wconf 84' lang='lat' dir='ltr'><strong>disset,</strong></span> <span class='ocrx_word' id='word_1_153' title='bbox 225 1897 248 1952; x_wconf 89' lang='lat' dir='ltr'><strong>si</strong></span> <span class='ocrx_word' id='word_1_154' title='bbox 261 1900 432 1975; x_wconf 85' lang='lat' dir='ltr'><strong>praecoptum</strong></span> <span class='ocrx_word' id='word_1_155' title='bbox 446 1894 568 1952; x_wconf 88' lang='lat' dir='ltr'><strong>divinum</strong></span> <span class='ocrx_word' id='word_1_156' title='bbox 585 1894 644 1972; x_wconf 88' lang='lat' dir='ltr'><strong>plus</strong></span> <span class='ocrx_word' id='word_1_157' title='bbox 658 1895 817 1972; x_wconf 86' lang='lat' dir='ltr'><strong>requireret.</strong></span> 
     </span>
    </p>

    <p class='ocr_par' dir='ltr' id='par_1_7' title="bbox 110 1971 1029 2214">
     <span class='ocr_line' id='line_1_22' title="bbox 152 1971 1029 2053; baseline -0.005 -20"><span class='ocrx_word' id='word_1_158' title='bbox 152 1973 193 2034; x_wconf 88' lang='lat' dir='ltr'><strong>V.</strong></span> <span class='ocrx_word' id='word_1_159' title='bbox 207 1975 251 2032; x_wconf 81' lang='lat'><strong>3⁰·</strong></span> <span class='ocrx_word' id='word_1_160' title='bbox 277 1977 453 2053; x_wconf 72' lang='lat' dir='ltr'><strong>Praeceptum</strong></span> <span class='ocrx_word' id='word_1_161' title='bbox 478 1975 602 2032; x_wconf 87' lang='lat' dir='ltr'><strong>divinum</strong></span> <span class='ocrx_word' id='word_1_162' title='bbox 626 1982 719 2052; x_wconf 81' lang='lat' dir='ltr'><strong>potest</strong></span> <span class='ocrx_word' id='word_1_163' title='bbox 741 1976 829 2030; x_wconf 87' lang='lat' dir='ltr'><strong>etiam</strong></span> <span class='ocrx_word' id='word_1_164' title='bbox 850 1972 955 2050; x_wconf 80' lang='lat' dir='ltr'><strong>saepius</strong></span> <span class='ocrx_word' id='word_1_165' title='bbox 969 1971 1029 2030; x_wconf 90' lang='lat' dir='ltr'><strong>obli·</strong></span> 
     </span>
     <span class='ocr_line' id='line_1_23' title="bbox 110 2053 1029 2134; baseline -0.001 -22"><span class='ocrx_word' id='word_1_166' title='bbox 110 2073 175 2133; x_wconf 76' lang='lat' dir='ltr'><strong>gare</strong></span> <span class='ocrx_word' id='word_1_167' title='bbox 191 2077 239 2134; x_wconf 88' lang='lat' dir='ltr'><strong>per</strong></span> <span class='ocrx_word' id='word_1_168' title='bbox 252 2056 390 2129; x_wconf 86' lang='lat' dir='ltr'><strong>accidens,</strong></span> <span class='ocrx_word' id='word_1_169' title='bbox 404 2076 430 2114; x_wconf 90' lang='lat' dir='ltr'><strong>v.</strong></span> <span class='ocrx_word' id='word_1_170' title='bbox 445 2075 471 2132; x_wconf 79' lang='lat' dir='ltr'><strong>g.</strong></span> <span class='ocrx_word' id='word_1_171' title='bbox 486 2058 510 2113; x_wconf 90' lang='lat' dir='ltr'><strong>si</strong></span> <span class='ocrx_word' id='word_1_172' title='bbox 522 2054 605 2113; x_wconf 87' lang='lat' dir='ltr'><strong>alicui</strong></span> <span class='ocrx_word' id='word_1_173' title='bbox 619 2055 742 2112; x_wconf 84' lang='lat' dir='ltr'><strong>videatur</strong></span> <span class='ocrx_word' id='word_1_174' title='bbox 754 2053 809 2111; x_wconf 91' lang='lat' dir='ltr'><strong>hoc</strong></span> <span class='ocrx_word' id='word_1_175' title='bbox 825 2056 1029 2111; x_wconf 79' lang='lat' dir='ltr'><strong>Sacramentum</strong></span> 
     </span>
     <span class='ocr_line' id='line_1_24' title="bbox 110 2133 1028 2214; baseline -0.003 -20"><span class='ocrx_word' id='word_1_176' title='bbox 110 2145 242 2214; x_wconf 81' lang='lat' dir='ltr'><strong>tauquam</strong></span> <span class='ocrx_word' id='word_1_177' title='bbox 257 2137 377 2196; x_wconf 87' lang='lat' dir='ltr'><strong>medium</strong></span> <span class='ocrx_word' id='word_1_178' title='bbox 392 2133 598 2213; x_wconf 84' lang='lat' dir='ltr'><strong>quodammodo</strong></span> <span class='ocrx_word' id='word_1_179' title='bbox 608 2139 790 2194; x_wconf 85' lang='lat' dir='ltr'><strong>necessarium</strong></span> <span class='ocrx_word' id='word_1_180' title='bbox 800 2134 838 2193; x_wconf 89' lang='lat' dir='ltr'><strong>ad</strong></span> <span class='ocrx_word' id='word_1_181' title='bbox 852 2134 1028 2194; x_wconf 87' lang='lat' dir='ltr'><strong>resistendum</strong></span> 
     </span>
    </p>
   </div>
   <div class='ocr_carea' id='block_1_3' title="bbox 110 2216 436 2294">
    <p class='ocr_par' dir='ltr' id='par_1_8' title="bbox 110 2216 436 2294">
     <span class='ocr_line' id='line_1_25' title="bbox 110 2216 436 2294; baseline 0.009 -21"><span class='ocrx_word' id='word_1_182' title='bbox 110 2219 184 2294; x_wconf 84' lang='lat' dir='ltr'><strong>gravi</strong></span> <span class='ocrx_word' id='word_1_183' title='bbox 200 2221 358 2289; x_wconf 86' lang='lat' dir='ltr'><strong>tentationi,</strong></span> <span class='ocrx_word' id='word_1_184' title='bbox 381 2216 436 2276; x_wconf 78' lang='lat' dir='ltr'><strong>&amp;o</strong></span> 
     </span>
    </p>
   </div>
   <div class='ocr_carea' id='block_1_4' title="bbox 151 2395 996 2569">
    <p class='ocr_par' dir='ltr' id='par_1_9' title="bbox 151 2395 996 2569">
     <span class='ocr_line' id='line_1_26' title="bbox 151 2395 996 2462; baseline -0.004 -4"><span class='ocrx_word' id='word_1_185' title='bbox 151 2401 190 2458; x_wconf 83' lang='lat' dir='ltr'><strong>N.</strong></span> <span class='ocrx_word' id='word_1_186' title='bbox 212 2399 262 2459; x_wconf 78' lang='lat'><strong>57.</strong></span> <span class='ocrx_word' id='word_1_187' title='bbox 285 2402 343 2461; x_wconf 77' lang='lat' dir='ltr'><strong>Du</strong></span> <span class='ocrx_word' id='word_1_188' title='bbox 365 2400 668 2462; x_wconf 80' lang='lat' dir='ltr'><strong>COMMUNIONE</strong></span> <span class='ocrx_word' id='word_1_189' title='bbox 690 2399 767 2461; x_wconf 86' lang='lat' dir='ltr'><strong>SUB</strong></span> <span class='ocrx_word' id='word_1_190' title='bbox 788 2395 996 2461; x_wconf 77' lang='lat' dir='ltr'><strong>UTRAth</strong></span> 
     </span>
     <span class='ocr_line' id='line_1_27' title="bbox 490 2504 651 2569; baseline -0.043 0"><span class='ocrx_word' id='word_1_191' title='bbox 490 2504 651 2569; x_wconf 76' lang='lat' dir='ltr'><strong>SPucm.</strong></span> 
     </span>
    </p>
   </div>
   <div class='ocr_carea' id='block_1_5' title="bbox 332 2685 813 2762">
    <p class='ocr_par' dir='ltr' id='par_1_10' title="bbox 332 2685 813 2762">
     <span class='ocr_line' id='line_1_28' title="bbox 332 2685 813 2762; baseline -0.015 -13"><span class='ocrx_word' id='word_1_192' title='bbox 332 2691 364 2749; x_wconf 79' lang='lat' dir='ltr'><strong>S.</strong></span> <span class='ocrx_word' id='word_1_193' title='bbox 389 2688 488 2749; x_wconf 80' lang='lat' dir='ltr'><strong>Tkom.</strong></span> <span class='ocrx_word' id='word_1_194' title='bbox 510 2693 604 2762; x_wconf 77' lang='lat' dir='ltr'><strong>quest.</strong></span> <span class='ocrx_word' id='word_1_195' title='bbox 625 2689 673 2746; x_wconf 81' lang='lat'><strong>80.</strong></span> <span class='ocrx_word' id='word_1_196' title='bbox 694 2695 748 2745; x_wconf 82' lang='lat' dir='ltr'><strong>art.</strong></span> <span class='ocrx_word' id='word_1_197' title='bbox 766 2685 813 2742; x_wconf 80' lang='lat'><strong>12.</strong></span> 
     </span>
    </p>
   </div>
   <div class='ocr_carea' id='block_1_6' title="bbox 41 2866 1065 3034">
    <p class='ocr_par' dir='ltr' id='par_1_11' title="bbox 41 2866 1065 3034">
     <span class='ocr_line' id='line_1_29' title="bbox 41 2866 1065 2966; baseline -0.011 -32"><span class='ocrx_word' id='word_1_198' title='bbox 41 2891 44 2899; x_wconf 93' lang='grc'><strong>’</strong></span> <span class='ocrx_word' id='word_1_199' title='bbox 148 2876 195 2933; x_wconf 77' lang='lat' dir='ltr'><strong>Au</strong></span> <span class='ocrx_word' id='word_1_200' title='bbox 209 2893 245 2930; x_wconf 87' lang='lat' dir='ltr'><strong>ex</strong></span> <span class='ocrx_word' id='word_1_201' title='bbox 259 2880 397 2953; x_wconf 79' lang='lat' dir='ltr'><strong>praecepto</strong></span> <span class='ocrx_word' id='word_1_202' title='bbox 413 2871 505 2929; x_wconf 87' lang='lat' dir='ltr'><strong>divino</strong></span> <span class='ocrx_word' id='word_1_203' title='bbox 521 2869 696 2928; x_wconf 71' lang='lat' dir='ltr'><strong>Eucharistin</strong></span> <span class='ocrx_word' id='word_1_204' title='bbox 709 2870 779 2925; x_wconf 84' lang='lat' dir='ltr'><strong>sumi</strong></span> <span class='ocrx_word' id='word_1_205' title='bbox 794 2867 880 2926; x_wconf 90' lang='lat' dir='ltr'><strong>debet</strong></span> <span class='ocrx_word' id='word_1_206' title='bbox 893 2866 946 2924; x_wconf 85' lang='lat' dir='ltr'><strong>sub</strong></span> <span class='ocrx_word' id='word_1_207' title='bbox 961 2874 1025 2924; x_wconf 83' lang='lat' dir='ltr'><strong>utru-</strong></span> <span class='ocrx_word' id='word_1_208' title='bbox 1055 2895 1065 2966; x_wconf 69' lang='lat' dir='ltr'><strong>p</strong></span> 
     </span>
     <span class='ocr_line' id='line_1_30' title="bbox 108 2949 1060 3034; baseline -0.014 -21"><span class='ocrx_word' id='word_1_209' title='bbox 108 2977 162 3034; x_wconf 88' lang='lat' dir='ltr'><strong>que</strong></span> <span class='ocrx_word' id='word_1_210' title='bbox 176 2956 280 3034; x_wconf 87' lang='lat' dir='ltr'><strong>specie,</strong></span> <span class='ocrx_word' id='word_1_211' title='bbox 302 2955 409 3012; x_wconf 81' lang='lat' dir='ltr'><strong>scillcet</strong></span> <span class='ocrx_word' id='word_1_212' title='bbox 425 2955 509 3010; x_wconf 86' lang='lat' dir='ltr'><strong>Panis</strong></span> <span class='ocrx_word' id='word_1_213' title='bbox 524 2963 551 3008; x_wconf 85' lang='lat' dir='ltr'><strong>et</strong></span> <span class='ocrx_word' id='word_1_214' title='bbox 565 2949 657 3007; x_wconf 75' lang='lat' dir='ltr'><strong>Vini?</strong></span> <span class='ocrx_word' id='word_1_215' title='bbox 1058 2975 1060 2992; x_wconf 54' lang='grc' dir='ltr'><strong><em>ι</em></strong></span> 
     </span>
    </p>
   </div>
   <div class='ocr_carea' id='block_1_7' title="bbox 59 3030 1065 3761">
    <p class='ocr_par' dir='ltr' id='par_1_12' title="bbox 108 3030 1065 3278">
     <span class='ocr_line' id='line_1_31' title="bbox 151 3030 1065 3128; baseline -0.008 -35"><span class='ocrx_word' id='word_1_216' title='bbox 151 3038 188 3094; x_wconf 85' lang='lat' dir='ltr'><strong>R.</strong></span> <span class='ocrx_word' id='word_1_217' title='bbox 206 3035 246 3092; x_wconf 89' lang='lat'><strong>1⁰·</strong></span> <span class='ocrx_word' id='word_1_218' title='bbox 262 3034 426 3093; x_wconf 78' lang='lat' dir='ltr'><strong>Sacerdotes</strong></span> <span class='ocrx_word' id='word_1_219' title='bbox 441 3032 611 3091; x_wconf 80' lang='lat' dir='ltr'><strong>celebrantes</strong></span> <span class='ocrx_word' id='word_1_220' title='bbox 630 3050 693 3108; x_wconf 72' lang='lat' dir='ltr'><strong>jure</strong></span> <span class='ocrx_word' id='word_1_221' title='bbox 708 3030 799 3087; x_wconf 88' lang='lat' dir='ltr'><strong>divino</strong></span> <span class='ocrx_word' id='word_1_222' title='bbox 814 3037 947 3087; x_wconf 87' lang='lat' dir='ltr'><strong>tenentur</strong></span> <span class='ocrx_word' id='word_1_223' title='bbox 959 3048 1026 3087; x_wconf 80' lang='lat' dir='ltr'><strong>com</strong></span> <span class='ocrx_word' id='word_1_224' title='bbox 1057 3060 1065 3128; x_wconf 61' lang='lat' dir='ltr'><strong>p</strong></span> 
     </span>
     <span class='ocr_line' id='line_1_32' title="bbox 110 3108 1065 3211; baseline -0.01 -35"><span class='ocrx_word' id='word_1_225' title='bbox 110 3120 254 3176; x_wconf 81' lang='lat' dir='ltr'><strong>inunicare</strong></span> <span class='ocrx_word' id='word_1_226' title='bbox 280 3115 332 3173; x_wconf 91' lang='lat' dir='ltr'><strong>sub</strong></span> <span class='ocrx_word' id='word_1_227' title='bbox 348 3122 467 3194; x_wconf 87' lang='lat' dir='ltr'><strong>utraque</strong></span> <span class='ocrx_word' id='word_1_228' title='bbox 493 3115 585 3192; x_wconf 80' lang='lat' dir='ltr'><strong>specie</strong></span> <span class='ocrx_word' id='word_1_229' title='bbox 600 3111 636 3168; x_wconf 89' lang='lat' dir='ltr'><strong>ab</strong></span> <span class='ocrx_word' id='word_1_230' title='bbox 651 3115 715 3188; x_wconf 85' lang='lat' dir='ltr'><strong>ipsis</strong></span> <span class='ocrx_word' id='word_1_231' title='bbox 730 3112 909 3168; x_wconf 71' lang='lat' dir='ltr'><strong>consecrati:</strong></span> <span class='ocrx_word' id='word_1_232' title='bbox 931 3113 994 3189; x_wconf 88' lang='lat' dir='ltr'><strong>quia</strong></span> <span class='ocrx_word' id='word_1_233' title='bbox 1005 3108 1027 3167; x_wconf 88' lang='lat' dir='ltr'><strong>it</strong></span> <span class='ocrx_word' id='word_1_234' title='bbox 1058 3159 1065 3211; x_wconf 71' lang='grc' dir='ltr'>Ι</span> 
     </span>
     <span class='ocr_line' id='line_1_33' title="bbox 108 3193 634 3278; baseline -0.013 -22"><span class='ocrx_word' id='word_1_235' title='bbox 108 3202 226 3278; x_wconf 82' lang='lat' dir='ltr'><strong>pertinet</strong></span> <span class='ocrx_word' id='word_1_236' title='bbox 240 3197 277 3257; x_wconf 86' lang='lat' dir='ltr'><strong>ad</strong></span> <span class='ocrx_word' id='word_1_237' title='bbox 288 3199 473 3274; x_wconf 83' lang='lat' dir='ltr'><strong>integritatem</strong></span> <span class='ocrx_word' id='word_1_238' title='bbox 487 3193 634 3252; x_wconf 82' lang='lat' dir='ltr'><strong>Sacrificii.</strong></span> 
     </span>
    </p>

    <p class='ocr_par' dir='ltr' id='par_1_13' title="bbox 59 3236 1065 3463">
     <span class='ocr_line' id='line_1_34' title="bbox 148 3236 1065 3372; baseline -0.007 -38"><span class='ocrx_word' id='word_1_239' title='bbox 148 3280 190 3334; x_wconf 76' lang='lat'><strong>2⁰·</strong></span> <span class='ocrx_word' id='word_1_240' title='bbox 210 3280 254 3337; x_wconf 90' lang='lat' dir='ltr'><strong>De</strong></span> <span class='ocrx_word' id='word_1_241' title='bbox 280 3278 336 3336; x_wconf 88' lang='lat' dir='ltr'><strong>fido</strong></span> <span class='ocrx_word' id='word_1_242' title='bbox 362 3287 414 3342; x_wconf 86' lang='lat' dir='ltr'><strong>est,</strong></span> <span class='ocrx_word' id='word_1_243' title='bbox 438 3278 540 3334; x_wconf 80' lang='lat' dir='ltr'><strong>Lo&#39;icos</strong></span> <span class='ocrx_word' id='word_1_244' title='bbox 568 3285 597 3331; x_wconf 85' lang='lat' dir='ltr'><strong>et</strong></span> <span class='ocrx_word' id='word_1_245' title='bbox 626 3272 748 3330; x_wconf 84' lang='lat' dir='ltr'><strong>Clericos</strong></span> <span class='ocrx_word' id='word_1_246' title='bbox 770 3291 825 3329; x_wconf 91' lang='lat' dir='ltr'><strong>non</strong></span> <span class='ocrx_word' id='word_1_247' title='bbox 855 3271 1030 3329; x_wconf 77' lang='lat' dir='ltr'><strong>conficientes</strong></span> <span class='ocrx_word' id='word_1_248' title='bbox 1060 3236 1065 3372; x_wconf 65' lang='lat' dir='ltr'><strong>l</strong></span> 
     </span>
     <span class='ocr_line' id='line_1_35' title="bbox 59 3351 1065 3463; baseline -0.01 -45"><span class='ocrx_word' id='word_1_249' title='bbox 59 3391 63 3396; x_wconf 85' lang='lat'>-</span> <span class='ocrx_word' id='word_1_250' title='bbox 108 3362 185 3418; x_wconf 89' lang='lat' dir='ltr'><strong>nullo</strong></span> <span class='ocrx_word' id='word_1_251' title='bbox 199 3368 337 3438; x_wconf 85' lang='lat' dir='ltr'><strong>praecepto</strong></span> <span class='ocrx_word' id='word_1_252' title='bbox 350 3358 442 3417; x_wconf 84' lang='lat' dir='ltr'><strong>divino</strong></span> <span class='ocrx_word' id='word_1_253' title='bbox 456 3361 489 3414; x_wconf 88' lang='lat' dir='ltr'><strong>ad</strong></span> <span class='ocrx_word' id='word_1_254' title='bbox 507 3357 692 3434; x_wconf 85' lang='lat' dir='ltr'><strong>sumptionem</strong></span> <span class='ocrx_word' id='word_1_255' title='bbox 709 3355 852 3431; x_wconf 84' lang='lat' dir='ltr'><strong>utriusque</strong></span> <span class='ocrx_word' id='word_1_256' title='bbox 865 3355 973 3430; x_wconf 86' lang='lat' dir='ltr'><strong>speciei</strong></span> <span class='ocrx_word' id='word_1_257' title='bbox 986 3351 1028 3409; x_wconf 92' lang='lat' dir='ltr'><strong>ob·</strong></span> <span class='ocrx_word' id='word_1_258' title='bbox 1062 3378 1065 3463; x_wconf 70' lang='lat' dir='ltr'><strong>p</strong></span> 
     </span>
    </p>

    <p class='ocr_par' dir='ltr' id='par_1_14' title="bbox 103 3431 1029 3761">
     <span class='ocr_line' id='line_1_36' title="bbox 108 3431 1028 3519; baseline -0.01 -22"><span class='ocrx_word' id='word_1_259' title='bbox 108 3441 196 3518; x_wconf 80' lang='lat' dir='ltr'><strong>ligari.</strong></span> <span class='ocrx_word' id='word_1_260' title='bbox 215 3452 216 3456; x_wconf 77' lang='grc'>’</span> <span class='ocrx_word' id='word_1_261' title='bbox 239 3440 283 3499; x_wconf 89' lang='lat' dir='ltr'><strong>Ita</strong></span> <span class='ocrx_word' id='word_1_262' title='bbox 297 3449 359 3519; x_wconf 84' lang='lat' dir='ltr'><strong>post</strong></span> <span class='ocrx_word' id='word_1_263' title='bbox 372 3439 459 3497; x_wconf 82' lang='lat' dir='ltr'><strong>Cone.</strong></span> <span class='ocrx_word' id='word_1_264' title='bbox 482 3436 693 3495; x_wconf 84' lang='lat' dir='ltr'><strong>Constantienso</strong></span> <span class='ocrx_word' id='word_1_265' title='bbox 708 3443 803 3490; x_wconf 86' lang='lat' dir='ltr'><strong>contra</strong></span> <span class='ocrx_word' id='word_1_266' title='bbox 817 3431 975 3491; x_wconf 82' lang='lat' dir='ltr'><strong>Haeretioos</strong></span> <span class='ocrx_word' id='word_1_267' title='bbox 988 3431 1028 3490; x_wconf 84' lang='lat' dir='ltr'><strong>da·</strong></span> 
     </span>
     <span class='ocr_line' id='line_1_37' title="bbox 107 3512 1028 3580; baseline -0.01 -2"><span class='ocrx_word' id='word_1_268' title='bbox 107 3519 195 3578; x_wconf 87' lang='lat' dir='ltr'><strong>finivit</strong></span> <span class='ocrx_word' id='word_1_269' title='bbox 219 3522 377 3580; x_wconf 86' lang='lat' dir='ltr'><strong>Concilium</strong></span> <span class='ocrx_word' id='word_1_270' title='bbox 402 3519 600 3577; x_wconf 79' lang='lat' dir='ltr'><strong>&#39;l&#39;ridentinum</strong></span> <span class='ocrx_word' id='word_1_271' title='bbox 625 3536 691 3573; x_wconf 87' lang='lat' dir='ltr'><strong>sess.</strong></span> <span class='ocrx_word' id='word_1_272' title='bbox 718 3516 766 3570; x_wconf 76' lang='lat'><strong>⁶21.</strong></span> <span class='ocrx_word' id='word_1_273' title='bbox 782 3534 901 3572; x_wconf 78' lang='lat' dir='ltr'><strong>canone.</strong></span> <span class='ocrx_word' id='word_1_274' title='bbox 920 3512 947 3570; x_wconf 91' lang='lat' dir='ltr'><strong>l.</strong></span> <span class='ocrx_word' id='word_1_275' title='bbox 968 3513 1028 3569; x_wconf 88' lang='lat' dir='ltr'><strong>“Si</strong></span> 
     </span>
     <span class='ocr_line' id='line_1_38' title="bbox 103 3595 1029 3679; baseline -0.008 -22"><span class='ocrx_word' id='word_1_276' title='bbox 103 3602 167 3679; x_wconf 46' lang='lat' dir='ltr'><strong>,quis</strong></span> <span class='ocrx_word' id='word_1_277' title='bbox 182 3603 292 3674; x_wconf 86' lang='lat' dir='ltr'><strong>dixerit,</strong></span> <span class='ocrx_word' id='word_1_278' title='bbox 314 3622 351 3661; x_wconf 88' lang='lat' dir='ltr'><strong>ex</strong></span> <span class='ocrx_word' id='word_1_279' title='bbox 368 3602 424 3659; x_wconf 89' lang='lat' dir='ltr'><strong>Dei</strong></span> <span class='ocrx_word' id='word_1_280' title='bbox 440 3602 575 3678; x_wconf 81' lang='lat' dir='ltr'><strong>proe&#39;cepto</strong></span> <span class='ocrx_word' id='word_1_281' title='bbox 588 3596 631 3655; x_wconf 87' lang='lat' dir='ltr'><strong>vel</strong></span> <span class='ocrx_word' id='word_1_282' title='bbox 651 3597 814 3654; x_wconf 78' lang='lat' dir='ltr'><strong>necessitate</strong></span> <span class='ocrx_word' id='word_1_283' title='bbox 826 3595 925 3653; x_wconf 87' lang='lat' dir='ltr'><strong>salutia</strong></span> <span class='ocrx_word' id='word_1_284' title='bbox 937 3612 1029 3653; x_wconf 82' lang='lat' dir='ltr'><strong>omnes</strong></span> 
     </span>
     <span class='ocr_line' id='line_1_39' title="bbox 108 3674 1028 3761; baseline -0.011 -21"><span class='ocrx_word' id='word_1_285' title='bbox 108 3695 136 3742; x_wconf 86' lang='lat' dir='ltr'><strong>et</strong></span> <span class='ocrx_word' id='word_1_286' title='bbox 145 3685 265 3761; x_wconf 85' lang='lat' dir='ltr'><strong>singulos</strong></span> <span class='ocrx_word' id='word_1_287' title='bbox 276 3684 381 3743; x_wconf 86' lang='lat' dir='ltr'><strong>Christi</strong></span> <span class='ocrx_word' id='word_1_288' title='bbox 392 3682 487 3741; x_wconf 83' lang='lat' dir='ltr'><strong>fideles</strong></span> <span class='ocrx_word' id='word_1_289' title='bbox 498 3689 646 3757; x_wconf 83' lang='lat' dir='ltr'><strong>utramque</strong></span> <span class='ocrx_word' id='word_1_290' title='bbox 655 3680 777 3755; x_wconf 86' lang='lat' dir='ltr'><strong>speciem</strong></span> <span class='ocrx_word' id='word_1_291' title='bbox 788 3675 965 3735; x_wconf 72' lang='lat' dir='ltr'><strong>sanctissimi</strong></span> <span class='ocrx_word' id='word_1_292' title='bbox 976 3674 1028 3731; x_wconf 71' lang='lat' dir='ltr'><strong>liu·</strong></span> 
     </span>
    </p>
   </div>
   <div class='ocr_carea' id='block_1_8' title="bbox 0 0 1070 3990">
    <p class='ocr_par' dir='ltr' id='par_1_15' title="bbox 0 0 1070 3990">
     <span class='ocr_line' id='line_1_40' title="bbox 0 0 1070 3990; baseline 0 0"><span class='ocrx_word' id='word_1_293' title='bbox 0 0 1070 3990; x_wconf 95' lang='lat' dir='ltr'><strong> </strong></span> 
     </span>
    </p>
   </div>
  </div>
 </body>
</html>
