2130 3990
100 120 143 181 92
314 146 317 151 ·
391 118 641 178 *antemnas
736 134 740 141 ·

96 300 162 343 rem
187 261 372 361 capacitatem
395 286 445 338 seu
467 279 676 360 dispositionem
698 279 824 361 mbjccti,
846 275 911 363 aaa
932 286 1029 343 tarum

103 364 247 443 dispositio
270 361 341 421 nihil
364 359 519 421 efficientia
546 362 647 421 hebet:
667 371 701 422 ut
721 372 803 444 patet
819 367 857 422 -in
883 368 960 441 igne,
981 370 1029 445 qni

102 442 245 505 efficacius
258 443 366 521 lignum
379 446 484 502 aucum
497 443 636 502 comburit
648 446 734 525 qnam
748 445 842 514 viride,
858 446 927 505 licet
948 450 1028 506 sicei-

101 529 146 584 tas
159 528 193 584 sit
210 526 289 585 mere
310 528 330 559 ‘⁴
340 534 482 583 removens
499 525 657 602 prohibeas,
675 528 725 584 'seu
749 526 871 587 conditio
884 528 948 585 rina
974 546 1027 604 qua

103 606 191 674 aon,”
206 615 237 666 et
248 627 304 665 non
321 621 406 665 causa
418 602 541 663 efficiens
554 606 768 665 combustionis·
945 662 947 667 .

143 687 244 747 Simile
257 688 323 764 quid
336 688 472 745 invonitur
485 688 563 756 iniis,
585 707 653 768 quos
668 686 794 747 Christus
808 687 976 746 miraculose
984 708 1025 746 so·

102 767 204 838 nabat;
226 769 359 846 siquibus
373 768 442 827 licet
466 769 669 846 requireretur,
681 776 716 826 ut
738 768 903 839 crederent,
924 773 1025 828 sanitas

102 857 196 909 tamen
223 868 281 908 non
298 847 482 908 efficiebatur
510 847 611 909 aliie
638 852 767 929 ipaemm,
802 849 852 908 scd
876 850 1024 909 ri-rirtuto
1063 873 1065 876 ·

101 928 214 991 Christi.
649 938 654 945 '

103 1210 145 1269 N.
169 1210 215 1272 19.
237 1211 297 1271 ΑΝ
310 1210 604 1271 SACRAMENTA
615 1208 1021 1299 GRATIAMUCAUSENT

284 1313 476 1385 PHYSICll,
499 1312 558 1372 AN
573 1312 840 1385 MORALITER.

106 1472 130 1532 l.
144 1473 332 1534 Sacramenta
341 1476 599 1554 cauaontphyaiot
611 1452 741 1552 effeetus.
756 1474 796 1533 Π.
809 1473 888 1533 Dum
901 1480 1021 1555 suocapi-

123 1560 231 1696 appratpgb
234 1556 285 1696 21
295 1557 442 1617 Probatur
455 1577 490 1615 ea
504 1557 597 1616 Socra
610 1561 774 1636 Scriptura,
788 1556 894 1693 lVJlt
903 1557 1022 1617 Sancta

140 1818 306 1890 Quomouo
325 1814 509 1879 Sacramenta
520 1819 669 1881 conferunt
681 1838 746 1878 suos
757 1818 882 1887 effectus,
898 1814 935 1879 aa
952 1818 1023 1899 phy·

97 1900 170 1973 sicis,
191 1922 226 1959 aa
241 1905 380 1961 moraliter
392 1901 521 1960 tantum?

144 1980 167 2040 l.
182 1981 218 2041 R.
242 1983 418 2041 Probabilior
430 1983 539 2041 videtur
551 1984 697 2048 sententia,
710 2000 770 2061 quoe
780 1981 895 2040 adstruit
905 1983 1023 2040 causali·

101 2069 189 2120 tatem
206 2062 363 2143 physicam,
383 2063 661 2142 loquendonimirum
674 2062 710 2120 da
723 2062 876 2134 effectibus,
896 2068 943 2136 qui
959 2082 1024 2121 con-

99 2141 229 2202 teruntur
238 2149 265 2202 in
280 2147 340 2223 ipsa
352 2147 526 2222 susceptione
540 2144 723 2202 Sacramenti.

143 2224 184 2282 Il.
203 2227 328 2283 Dicitur:
339 2291 342 2297 ¹
353 2229 372 2257 “
388 2226 448 2293 Qui
462 2224 640 2283 conferuntur
651 2225 680 2281 in
703 2226 766 2302 ipsa
783 2224 960 2303 susceptione
974 2224 1025 2282 Sa·

102 2309 237 2365 crementi
253 2305 279 2363 :’'
309 2307 373 2384 quia
397 2305 514 2364 effeetus
535 2324 588 2384 per
613 2307 829 2363 Sacramentum
855 2304 1027 2380 reviviscens,

104 2390 172 2443 curn·
180 2407 235 2445 non
250 2388 353 2445 existat
365 2386 498 2466 amplius,
511 2386 623 2445 tentiam
639 2385 778 2443 moraliter
791 2385 979 2444 conferuntur.

144 2466 223 2526 Idem
240 2467 344 2525 videtur
357 2486 414 2527 esse
427 2467 595 2546 probabilius
608 2464 656 2523 ¹rie
670 2466 770 2525 Gratia
784 2466 886 2525 actuali
904 2484 955 2522 seu
983 2486 1027 2524 aa·

90 2549 277 2616 aramentali,
297 2568 357 2627 quae
371 2559 469 2628 postea
483 2548 572 2606 datur.

145 2629 202 2687 lll.
219 2630 356 2688 Probatur
368 2631 522 2687 sententia:
544 2627 687 2706 quietalis
700 2629 846 2687 causalitas
860 2626 1029 2688 conformior

104 2720 148 2768 est
160 2711 345 2770 locutionibus
359 2711 451 2770 Sacrae
475 2713 627 2789 Scripturas
645 2711 770 2767 Numero
798 2709 931 2787 superiori
958 2709 1028 2766 alle·

91 2794 193 2869 'gatis;
210 2793 786 2871 inopsquedemonstratSacrameotorum
806 2789 983 2867 dignitatem,
1001 2797 1030 2848 ct

102 2869 257 2931 efficaciam
274 2872 492 2953 Omnipotentiae
509 2874 617 2930 Divinae
631 2891 664 2928 ao
678 2875 836 2930 meritorum
850 2870 965 2928 Christi.

145 2952 198 3011 IV.
216 2953 328 3013 Deinde
349 2954 516 3012 conformior
528 2961 571 3011 est
592 2952 776 3010 locutionibus
790 2951 985 3010 Conciliorum
999 2961 1029 3010 ct

104 3034 155 3091 SS.
173 3035 297 3099 Parrum,
320 3036 379 3112 qui,
394 3042 426 3090 ut
439 3037 679 3092 sacramentorum
694 3052 771 3091 nove
786 3033 868 3112 Lagis
878 3032 1027 3092 causalita-

104 3117 326 3195 tem'expliecnt‚
353 3118 433 3173 variis
460 3124 576 3173 utuntur
601 3114 838 3180 similitudinibus,
860 3133 923 3194 quas
947 3118 1028 3174 certo

103 3199 297 3257 causalitatem
312 3196 370 3274 plus
385 3198 468 3275 quam
484 3195 615 3254 moralem
631 3196 792 3272 designant:
814 3197 854 3254 sio
867 3215 892 3251 r.
906 3213 933 3272 g.
949 3195 1026 3273 Bap

102 3279 215 3336 rismum
226 3286 389 3357 comparant
401 3277 509 3346 semini,
532 3296 569 3334 ex
585 3294 640 3354 quo
654 3285 806 3353 generatur,
822 3296 901 3355 aquae
914 3275 1027 3335 ferven-

106 3360 137 3430 a,
150 3357 203 3417 &a
228 3361 267 3419 Er
279 3363 310 3418 S.
325 3360 462 3426 Thomas,
478 3366 575 3435 quaest.
590 3357 637 3419 62.
653 3366 705 3415 art.
721 3356 745 3413 I.
758 3359 787 3415 in
807 3357 894 3436 Coepi.
909 3375 1026 3436 compa·
1063 3390 1065 3412 r

104 3449 148 3498 rat
163 3438 342 3500 efficientiam
358 3441 532 3499 Sacramenti
547 3440 645 3512 securi,
668 3457 730 3517 qua
743 3439 864 3517 physice
884 3445 913 3498 et
925 3438 1025 3498 inatru·
1061 3446 1064 3455 '

91 3523 359 3585 mentalitersecat.

141 3602 213 3682 obj.
229 3602 251 3662 Ι.
266 3604 358 3661 Causa
367 3601 486 3681 physica
499 3620 555 3662 nan
564 3601 630 3681 agit,
641 3601 695 3661 nisi
704 3599 770 3660 crim
781 3598 899 3682 physice
913 3601 1025 3679 existit,

94 3686 178 3763 etqui
192 3685 259 3745 dum
273 3686 454 3746 Sacramenta
468 3682 627 3764 producunt
651 3682 795 3751 Gratiam,
817 3703 871 3742 non
900 3681 1024 3763 amplius
1062 3734 1063 3737 ,
