2130 3990
246 195 288 237 os
309 184 583 237 cosrrsusmous.
815 174 876 239 239

62 440 90 502 7.
113 441 172 503 uu
192 426 408 529 mrursun'o
429 414 826 539 coumnmauiour's

167 626 199 687 s
224 624 438 707 Troesque.
461 586 509 689 72‘.
530 631 589 695 ne.
612 630 625 685 1
632 624 663 703 r.

48 812 139 869 sistes
151 809 326 871 ordinarios
340 814 384 867 cs't
397 807 575 889 Episcopus,
603 807 648 867 1¹1.
660 758 874 869 Rcrraodutna·

48 895 113 948 rest
128 891 276 961 Sacerdos,
299 888 356 949 111.
380 893 430 949 sed
443 911 481 950 es
494 891 695 983 commissione
704 888 874 979 'Poetelius

48 1018 50 1027 .
69 970 110 1033 Ut
121 971 393 1047 ualtdeconfimet.

48 1152 180 1212 Dueunx
199 1150 283 1212 distin
323 1154 379 1212 itur
398 1150 529 1211 Minister
547 1151 784 1222 coadunatim
802 1142 875 1211 ordi·

55 1232 162 1293 scilicet
175 1239 256 1294 etex
268 1166 372 1308 officio,
392 1242 423 1293 et
433 1232 679 1323 extreominsrius'
691 1238 752 1315 per'
764 1231 874 1317 dispen

48 1332 98 1375 ern.
363 1346 366 1351 ·
662 1346 665 1353 ·

48 1400 122 1453 'sest
135 1394 269 1454 Minister
281 1393 458 1455 ordinarius?
689 1442 692 1449 .

53 1476 101 1535 De
116 1476 173 1534 fide
194 1486 239 1534 est
259 1477 343 1535 telem
368 1497 428 1535 esse
445 1475 534 1535 solum
546 1476 730 1556 Episcopum}
751 1480 786 1533 nt
798 1478 876 1555 p'etet

48 1577 97 1617 ,ex
107 1557 232 1615 Decretc
243 1557 408 1624 Florentioi
419 1563 447 1616 et
453 1555 602 1616 definitum
611 1567 655 1617 est
666 1559 696 1617 iu
705 1556 876 1616 Tridentino

50 1648 138 1697 s'can.
152 1637 182 1697 3.
195 1638 233 1697 dn
247 1637 485 1707 Goufimatione.
524 1636 742 1698 nemesis-23.
756 1658 782 1696 c.
795 1639 825 1696 4.
846 1643 876 1694 et

48 1720 66 1776 tb
88 1718 137 1776 ubi
155 1720 253 1778 erroris
277 1720 465 1779 sectariorum
487 1718 611 1778 redicem
625 1717 746 1778 evellens
766 1716 874 1786 delinit,

48 1818 108 1880 ›pns
122 1819 182 1859 esse
196 1800 371 1878 Presbptsris
382 1802 546 1879 superiores,
552 1800 718 1880 ntideoproe
727 1800 761 1859 iis
771 1798 877 1858 hebere

48 1889 116 1940 rtem
130 1872 312 1941 confirmandi
326 1888 355 1941 et
364 1880 519 1940 ordinandi.

48 1982 65 2021 s
78 1970 127 2022 est·
135 1961 267 2023 Minister
280 1961 515 2023 extraordinarius
529 1959 783 2023 confirmationis?

48 2044 89 2103 R,
102 2045 159 2105 Est
171 2043 293 2122 simplex
306 2041 451 2113 Sacerdos,
471 2042 626 2103 accedente
637 2040 745 2121 seilicet
756 2042 874 2123 Aposto-

48 2124 106 2185 sdis
119 2124 334 2204 dispensatione,
354 2133 385 2184 ut
399 2123 465 2185 dicit
477 2125 575 2185 iterum
590 2116 716 2203 Florents
736 2122 877 2183 conclusio

48 2226 86 2265 ·.ur
98 2208 128 2266 iu
141 2205 290 2265 traditione
302 2205 382 2265 nobis
394 2204 574 2265 manileetats
584 2224 623 2264 ex
635 2224 685 2273 eo,.
694 2192 770 2284 qudd
782 2202 877 2285 plures

47 2289 104 2346 ices
119 2286 194 2346 hsnc
206 2285 366 2346 fucultatem
383 2288 566 2346 concesserint
583 2286 702 2364 simplici
715 2282 874 2344 Sacerdoti:

48 2388 78 2427 ro
92 2369 253 2446 Presbyteri
268 2367 362 2429 Greci
376 2366 531 2427 hodiedum
544 2367 762 2444 edhucpnssim.
778 2364 875 2425 contir-

49 2458 80 2507 et
88 2448 142 2507 hoc
152 2448 245 2508 valide
256 2468 292 2507 ex
307 2446 507 2507 consuetudine
519 2444 634 2506 inducta
645 2446 684 2505 eir
697 2447 877 2505 concessione

48 2529 211 2611 spostolicae
216 2530 416 2599 seltemtaoite,
423 2530 513 2608 eique
520 2531 717 2615 eonsentiente,
722 2528 877 2589 etiamnum

48 2631 82 2673 rr.

48 2693 63 2761 l.
84 2691 212 2771 Simplex
228 2691 363 2752 Sacerdos
371 2691 430 2751 sine
439 2690 488 2751 illa
498 2690 691 2765 commissione
701 2688 878 2749 confirmaret

48 2773 94 2831 le:
114 2793 181 2850 ergo
195 2774 356 2832 etiamnum
370 2772 428 2833 ills.

50 2854 131 2913 betur
144 2863 322 2933 consequent.
336 2855 402 2934 quie
415 2852 578 2912 continuare
591 2871 646 2909 uon
661 2856 706 2909 eit
719 2852 807 2911 Acus
820 2850 877 2909 Ju-

48 2934 129 3004 ionis,
145 2932 194 2992 sed
208 2933 497 3017 potestatis-Ordinis;
519 2935 596 3013 atqui
609 2952 659 3011 per
672 2951 736 2991 eam
749 2933 877 2992 commis·

48 3035 125 3073 soon
140 3014 222 3073 datur
235 3024 355 3094 potestas
367 3014 499 3075 Ordinis:
520 3032 598 3093 erge,
610 3009 665 3072 &e
699 3072 705 3087 ,

48 3139 51 3152 .
68 3094 105 3155 R.
132 3097 217 3174 Nego
232 3117 343 3175 conseq.
369 3096 454 3157 Retio
469 3103 520 3164 cst,
562 3094 616 3153 uod
629 3094 795 3154 confirmare
810 3090 878 3149 Jure

48 3178 92 3235 rio
116 3179 153 3235 sit
175 3176 287 3254 quidem
310 3186 388 3236 ectus
404 3176 520 3237 Ordinis
535 3117 726 3255 Opiscopalim
747 3170 798 3247 sed
813 3170 879 3249 jure

51 3256 172 3316 rdinario
186 3267 227 3315 est
240 3259 329 3316 Actus
336 3258 466 3338 simplicis
478 3257 591 3317 Ordinis
602 3254 796 3327 Sacerdotulis,
808 3272 877 3331 qua·

55 3358 108 3417 per
130 3339 208 3398 illum
229 3339 367 3397 confertur
380 3339 506 3398 radiculis
521 3349 549 3398 et
568 3337 738 3417 incompleta
758 3340 878 3413 potestas

48 3421 146 3492 nandi,
168 3440 228 3499 quae
251 3440 299 3498 per
322 3421 475 3497 legitimam
491 3418 632 3478 Pontificis
652 3416 877 3477 commissionem

50 3508 100 3558 tur
111 3507 140 3559 et
154 3500 325 3579 completur:
347 3500 420 3560 unde
441 3499 508 3559 dum
520 3499 640 3579 simplici
653 3496 800 3558 Sacerdoti
812 3515 877 3555 cou-

49 3578 196 3640 rlccultes
211 3582 401 3651 confirmandi,
416 3584 469 3640 nou
483 3582 511 3639 ei
525 3581 706 3641 committitur
720 3581 809 3639 Actus
823 3577 878 3635 Or·

50 3660 232 3740 Episcopelis,
254 3665 320 3723 cum
342 3682 397 3724 uon
417 3662 470 3725 fiet
492 3660 622 3725 Minister
635 3661 814 3733 ordinurius3
829 3654 884 3716 sed
