2130 3990
265 184 308 230 on
327 184 593 231 massmannum
615 182 753 227 ennena.
914 169 970 229 141

48 331 182 404 Christus.
196 330 351 411 edificasse
375 331 439 393 asti
449 290 574 405 donum,
598 329 628 388 id
641 338 685 388 est
698 298 866 405 Ecclesiam,
879 341 908 391 et
920 354 970 392 en·

48 413 431 494 &conlatronem
443 414 575 473 nimirum
585 418 694 490 septem
703 410 895 484 Sacramenta,
907 435 971 493 que

48 494 163 557 lotidem
173 497 262 555 saluti
275 494 413 555 oolumnae
426 500 583 561 sustentant
598 492 769 551 Ecclesiam.

81 575 133 637 Sic
142 575 273 636 similiter
287 574 383 635 Exodi
395 574 444 633 25.
465 594 516 653 per
535 579 644 652 septem
658 573 793 643 lucernas,
816 592 878 653 quae
890 584 970 651 eraut

48 660 139 717 nuno
150 656 327 721 candelabro,
339 656 396 715 hoo
408 654 577 714 insinuatur:
586 662 693 732 septem
703 656 777 711 enim
784 652 970 717 Sacramenta

48 738 160 799 Ιιιῑίᾱοιιι
173 738 376 798 velutlacerase
389 745 461 805 sunt,
485 754 549 814 quas
564 734 723 794 Ecclesiam
735 734 907 797 illuminant.

80 818 155 898 obj.
169 819 195 878 I.
210 821 241 877 S.
255 819 430 895 Augustinus
443 826 473 876 et
484 816 534 875 alii
545 816 634 881 saneti
651 814 747 873 Patres
762 814 884 877 referunt
897 838 967 897 pau-

48 901 127 970 oiora,
150 899 236 979 quiam
249 909 373 978 septem:
393 917 470 976 ergo,
491 894 545 956 dre.

81 980 123 1039 R.
139 981 208 1042 Non
222 979 285 1038 ideo
298 988 364 1038 tuuc
385 977 541 1039 excludunt
553 983 664 1043 mura,
682 975 731 1037 sed
743 978 917 1040 solummodo
930 980 969 1040 ed

48 1080 127 1121 raum
153 1063 328 1142 propositum
354 1059 391 1118 de
415 1058 553 1139 aliquibus
579 1058 768 1117 Sacramentis
795 1062 967 1120 mentionem

48 1141 157 1213 ᾒοίιιιιί,
184 1141 223 1200 do
247 1141 308 1201 aliis
331 1141 371 1201 nil
385 1139 519 1201 dieentes.
561 1139 638 1198 Dum
665 1148 760 1199 autem
783 1141 896 1218 quidem
909 1142 965 1204 SS.

48 1223 139 1283 Patres
151 1222 283 1282 videntur
295 1221 474 1302 pluraquam
496 1228 601 1299 septem
615 1218 772 1289 admittere,
787 1233 857 1285 tuno
868 1222 966 1285 Sacra-

48 1312 138 1365 menta
151 1323 208 1363 non
220 1305 362 1383 accipiunt
383 1303 490 1377 strictis,
509 1300 560 1361 sed
571 1320 652 1361 sensu
677 1300 798 1380 quodam
811 1304 904 1365 latiori
916 1325 966 1385 pro

48 1394 222 1467 paucumque
233 1386 321 1462 Signo
335 1384 429 1444 Sacro.

79 1465 154 1546 obj.
176 1464 217 1525 Π.
237 1466 312 1524 Sunt
332 1474 439 1544 septem
454 1461 584 1530 Ordines,
604 1470 635 1522 et
647 1461 766 1542 quilibet
784 1467 873 1535 etiam,
884 1467 964 1528 Ordo

48 1548 135 1607 minor
161 1544 340 1627 probabiliter
358 1554 401 1605 est
426 1544 658 1603 Sacramentum:
693 1563 760 1622 ergo
786 1556 853 1607 sunt
874 1550 965 1629 plura,

48 1631 128 1706 paam
139 1636 259 1707 nuptam.

83 1707 122 1768 R.
140 1712 224 1786 Nego
251 1727 363 1786 conseq.
387 1705 457 1767 dum
469 1709 545 1767 enim
573 1704 713 1765 Catholici
727 1704 837 1777 docent,
856 1712 966 1771 tantum

48 1808 106 1849 esse
117 1798 226 1870 septem
247 1790 439 1862 Sacramenta,
457 1794 574 1853 sumunt
585 1788 797 1845 Sacramentum
810 1792 963 1851 secundum

48 1889 139 1949 muns,
159 1874 200 1931 ita
219 1879 255 1929 ut
270 1888 365 1928 sensus
384 1872 430 1939 sit,
450 1874 558 1929 tantum
579 1888 639 1927 esse
662 1876 768 1946 septem
782 1870 964 1933 Sacramenta

48 1952 169 2028 maurice
192 1950 308 2018 divorsa,
327 1969 379 2009 seu
400 1970 461 2029 quae
484 1949 521 2009 ad
542 1948 662 2008 diversos
682 1968 781 2025 genere
794 1951 865 2011 fines
879 1954 964 2015 refer·

48 2040 134 2091 ratur.
175 2032 250 2090 Cum
262 2040 357 2090 autem
370 2041 480 2109 septem
503 2029 626 2090 Ordines
640 2031 676 2091 ad
691 2049 778 2087 unum
793 2033 963 2107 ordinentur,

48 2114 155 2173 scilieet.
172 2113 375 2181 Sacerdotium,
397 2112 528 2172 dicuntur
549 2131 636 2170 unum
651 2112 782 2191 generice
795 2120 962 2177 Sacramen-

48 2202 109 2255 um.
153 2195 380 2253 Dehociterurn
394 2195 422 2251 in
437 2193 584 2253 Trecentis
601 2192 721 2253 Ordine.
966 2264 969 2269 ,

77 2273 136 2335 IV.
145 2274 962 2353 Demonslru,conrenienterssptemSacramenlnaChristo

48 2353 168 2416 llomiao
181 2377 240 2416 esse
252 2355 402 2414 instituta?

77 2436 119 2495 R.
135 2438 285 2497 Rationem
299 2456 363 2496 cum
378 2437 408 2495 S.
423 2436 529 2495 Thom.
543 2433 593 2495 dat
606 2435 798 2497 Catecbismus
814 2439 961 2501 Romanus

48 2528 122 2596 parte
144 2523 174 2576 2.
197 2538 273 2576 num.
291 2518 336 2578 18.
363 2519 408 2576 bis
421 2517 527 2576 verbis:
548 2520 568 2549 “
583 2516 641 2575 Cur
655 2528 748 2577 autem
769 2539 858 2598 nequo
870 2522 959 2601 plura,

48 2618 130 2679 reque
150 2601 282 2679 pauciora
306 2605 495 2666 numerentur,
520 2599 619 2676 (quam
634 2598 756 2678 septem)
771 2621 810 2659 ex
827 2603 863 2663 iis
874 2606 960 2663 etiam

48 2680 133 2752 ¹abtas,
153 2699 215 2758 qua
232 2699 281 2757 per
298 2678 510 2738 similitudinem
534 2680 552 2736 a
571 2681 691 2738 naturali
710 2683 768 2737 vita
782 2681 817 2739 ad
832 2685 958 2762 spiritua·

48 2781 93 2819 em
115 2759 326 2833 nansferuntur,
346 2758 482 2839 probabili
505 2758 627 2838 quedam
654 2763 760 2819 ratione
783 2762 890 2823 ostendi
910 2785 959 2843 po·

48 2846 112 2902 ent.
153 2842 358 2900 Hominienim
371 2841 408 2899 ed
423 2842 567 2899 vivendum
581 2844 720 2917 vitamque
733 2843 959 2918 conservandam,

48 2932 68 2981 rt
95 2942 135 2999 ex
161 2941 213 2980 sua
239 2924 332 2999 reique
359 2922 478 3000 publicae
504 2923 627 2980 utilitate
654 2922 863 2998 traducendam,
896 2925 958 2985 hasa·

48 3014 145 3082 eptem
172 3008 330 3062 necessaria
354 3002 499 3061 videntur:
522 3011 554 3061 ut
575 3004 683 3061 scilicet
704 3007 733 3061 in
747 3003 838 3062 lucem
851 3005 957 3080 edatur,

48 3096 188 3163 urgeatur,
204 3084 313 3155 alatur;
335 3088 358 3143 si
381 3086 409 3141 in
433 3084 560 3142 morbum
584 3084 696 3152 incidat,
721 3096 847 3153 sanetum
868 3088 957 3147 imbe-

48 3165 138 3224 sillitas
160 3167 257 3223 virium
273 3167 426 3236 reficiatur3
449 3163 549 3223 deinde
564 3164 638 3243 quod
649 3165 684 3223 ad
700 3167 899 3244 rempublicam
914 3178 957 3227 at·

48 3247 113 3316 inst,
135 3256 168 3305 ut
181 3246 361 3322 Magistratus
375 3265 513 3324 nunquam
534 3245 635 3314 desint,
656 3267 775 3324 quorum
789 3247 957 3319 authoritate

48 3337 69 3385 at
84 3329 205 3406 imperio
228 3335 356 3404 rogatur:
376 3347 410 3385 ao
433 3335 572 3405 postremo
596 3328 719 3404 legitimi
740 3327 842 3387 sobolis
851 3347 954 3410 ¹propa-

48 3410 149 3486 gatione
158 3409 279 3487 seipsum
292 3419 320 3468 et
332 3408 487 3467 humanum
501 3427 589 3484 genus
600 3415 746 3467 conservet.
776 3408 847 3476 Qua
861 3415 956 3481 omnia

48 3490 413 3568 puoniamvitae,quianima
428 3490 491 3548 Deo
503 3491 576 3562 vivit,
586 3488 747 3567 respondere
755 3490 955 3571 satisapparot‚

48 3589 73 3630 rx
86 3571 123 3630 iis
135 3569 221 3631 facile
234 3573 475 3633 sacramentorum
501 3589 632 3633 numerus
645 3570 804 3648 calogerum
821 3573 863 3640 sic
877 3576 953 3637 enim
