2130 3990
410 191 453 233 nn
473 189 638 233 pomisne.
888 202 893 215 ¹
921 174 982 235 eet

97 334 134 397 In
147 354 202 414 que
217 337 362 416 Baptismo
374 333 549 395 adhibendus
561 341 604 396 est
618 337 769 395 Petrinus?

97 416 139 477 11.
164 416 205 475 R.
227 418 260 476 ln
281 418 427 496 Baptismo
449 412 582 490 solemni;
605 416 688 496 idque
702 416 754 475 sub
768 417 843 495 gravi
858 438 894 477 ex
908 437 981 497 prae-

60 508 139 578 cepto
152 496 289 558 Ecclesiae
302 499 331 557 in
344 517 374 555 re
387 498 472 574 gravi.

97 580 248 649 Quemvis.
268 588 338 637 teste
352 579 496 647 Pauwels,
509 600 574 638 usus
587 579 634 638 hle
647 580 674 637 in
690 578 788 656 Belgio
798 599 854 639 non
868 578 984 648 hebeat,

57 659 136 742 qued
157 661 189 719 in
213 659 358 741 Baptismo
376 660 479 738 privato
498 660 665 720 adhibentur
683 661 829 730 Petrinum
851 662 876 719 si
890 671 984 720 temen

56 739 199 801 Sacerdos
226 744 266 801 sic
290 740 452 818 baptizaret,
482 742 525 801 vel
550 742 694 800 Diaconus
717 760 756 799 ex
783 744 986 814 commissione,

74 830 150 882 osset
171 841 238 880 eum
260 820 403 881 adbibere.
442 821 516 882 Aliis
538 831 635 881 autem
659 822 864 902 baptizantibus
883 822 913 882 id
931 843 985 882 non

53 842 142 973 licet3
163 905 232 981 quia
254 903 383 963 Petrinus
409 911 519 982 spectet
541 903 579 962 ad
604 902 742 983 baptismi
766 903 985 972 solemnitatem

53 985 79 1043 si
100 992 200 1043 temen
221 983 408 1054 adhiberetur,
428 984 596 1063 prebebiliirs
620 996 693 1044 esset
711 985 774 1043 vere
795 985 937 1052 Petrinus,
958 996 987 1045 ct

54 1066 257 1143 cognationem
264 1064 435 1144 spiritualem
448 1066 633 1138 contraherem
649 1066 718 1127 licet
729 1065 846 1146 quidem
858 1065 906 1127 hic
921 1085 986 1125 con-

54 1149 176 1205 nerium
191 1145 295 1212 dicant,
316 1154 348 1203 ut
361 1145 489 1206 Billunrt.

99 1226 183 1296 Quot
193 1227 296 1287 emurni
307 1236 424 1305 possunt
436 1228 465 1284 in
481 1227 623 1288 Patricos?

100 1305 162 1365 ΙΙΙ.
188 1307 226 1366 R.
246 1309 342 1367 Juxta
356 1307 515 1369 Concilium
524 1309 720 1369 Tridentinum
731 1327 800 1368 sees.
815 1305 865 1369 24.
879 1308 915 1367 de
929 1305 990 1365 Re-

50 1390 240 1469 semeatione
260 1388 454 1449 Matrimonii
474 1410 535 1469 cap.
559 1391 590 1450 2.
609 1411 667 1449 nen
691 1393 836 1467 possuntt
858 1388 989 1447 Parecbo

58 1468 177 1530 admitti
190 1470 292 1549 plures,
306 1473 391 1549 quarn
404 1490 479 1529 nnus
491 1480 520 1530 et
530 1491 598 1532 una.
620 1471 695 1531 Vide
709 1471 839 1531 Trident.

104 1548 233 1619 Quinem
255 1560 321 1609 sunt
339 1550 453 1610 effectus
466 1552 567 1611 validae
579 1553 762 1632 susceptionis
774 1553 804 1611 in
823 1546 991 1629 Baptismo?

81 1634 85 1641 '
104 1630 163 1691 IV.
180 1632 218 1691 R.
233 1632 345 1691 Primus
359 1631 527 1692 effeetrs'est
538 1637 669 1712 cognatio
681 1633 838 1772 splirituelis,
850 1632 993 1711 quesicut

67 1712 272 1791 ibeptinante,
286 1716 327 1773 ita
339 1715 425 1772 etism
440 1715 459 1771 i
472 1714 590 1775 Petrinis
604 1721 700 1774 contre
721 1715 775 1773 itur
786 1732 853 1791 erge
866 1712 991 1791 baptiza·

67 1802 125 1853 turn
148 1802 178 1854 et
197 1793 330 1873 baptizati
352 1795 493 1854 Parentes.
536 1797 589 1855 Est
607 1795 838 1874 impedimentum
859 1792 992 1851 dirimens

70 1873 238 1935 matrimonii
251 1878 324 1935 inter
336 1895 464 1952 personas
476 1882 586 1935 tentum
598 1879 668 1935 inter
681 1896 749 1956 quas
762 1878 858 1947 oritur,
881 1883 911 1932 et
927 1892 992 1953 pec·

71 1965 130 2015 cate
144 1954 266 2014 luxuriae
281 1959 352 2016 inter
368 1959 441 2037 ipsas
462 1958 612 2018 c'ornmisse
626 1957 706 2018 addit
725 1957 863 2017 malitiam
873 1957 994 2014 incestus

73 2035 225 2118 spiritualis.

108 2114 146 2174 V.
172 2118 260 2177 Porro
283 2117 344 2178 baec
366 2122 494 2196 cognatio
506 2119 654 2199 spiritualis
665 2139 722 2178 non
736 2116 910 2177 contrabitur
922 2118 994 2175 inter

76 2196 217 2259 Petrinum
229 2207 259 2258 et
271 2198 436 2270 Matrinum,
448 2208 480 2260 ut
492 2201 587 2280 vulgus
601 2208 698 2280 putat:
712 2220 798 2279 quare
808 2206 905 2257 monet
918 2198 994 2256 Peu-

75 2278 139 2345 erels
170 2288 310 2359 pastorem
332 2282 465 2360 impedire
478 2282 579 2341 debere
591 2300 692 2342 vanem
704 2280 890 2359 quorumdam
905 2279 997 2340 obser·

77 2361 205 2434 rentium,
224 2361 332 2421 scilicet
353 2382 414 2421 esee
432 2366 617 2422 necessarium
641 2361 680 2420 ad
701 2366 893 2439 cognationem
921 2359 996 2419 hane

78 2440 291 2521 impediendam,
312 2449 343 2501 ut
352 2452 444 2502 custos
454 2446 496 2503 vel
509 2445 644 2504 obstetrix
657 2442 691 2501 ad
704 2444 826 2502 Fontem
837 2442 996 2522 Baptismu-

78 2522 125 2581 lem
138 2543 169 2579 se
183 2532 272 2602 ponet
285 2525 357 2582 inter
371 2525 514 2585 Petrinum
526 2534 556 2584 et
568 2526 730 2583 Matrinem.

110 2602 168 2663 Vl.
193 2604 345 2663 Secundus
365 2605 480 2665 effeetus
501 2615 543 2665 est
561 2608 650 2683 gravis
670 2605 800 2683 obligatio
821 2603 946 2674 curandi,
967 2609 999 2661 ut

78 2684 232 2763 beptizetue
245 2687 274 2743 in
291 2685 362 2745 Fide
382 2696 412 2744 et
435 2686 506 2746 Vita
529 2687 689 2745 Christiana
707 2688 782 2744 recte
806 2687 952 2744 instruatur
971 2693 1000 2741 et

80 2765 224 2835 educetur;
247 2765 284 2825 nd
299 2767 440 2825 bocenim
461 2788 517 2827 non
540 2768 652 2828 tanturn
675 2775 784 2825 tenetur
797 2767 937 2825 Petrinus
960 2783 1000 2823 ex

79 2846 210 2905 charitate
223 2857 254 2904 et
266 2848 377 2926 pietate,
388 2848 530 2908 sedetiam
540 2870 578 2907 ex
587 2849 752 2907 dustitinex
761 2849 840 2923 quasi
854 2853 1000 2904 contractu

82 2926 294 3007 fidejussionis;
316 2929 400 2987 facille
423 2938 516 2989 temen
541 2929 576 2989 ab
600 2931 653 2987 hoc
675 2928 828 2987 liberantur
842 2928 949 2986 Patrini
969 2928 999 2983 in

79 3008 128 3067 hee
143 3009 251 3076 Patria,
273 3009 321 3067 nbi
333 3008 475 3069 sufficiens
492 3012 541 3071 illa
561 3011 705 3069 instructio
724 3008 784 3067 dari
797 3009 969 3087 presumitur
983 3018 1001 3064 u

79 3089 280 3167 perentibuset
294 3090 472 3150 Pastoribns:
496 3094 646 3170 qnitsmen
660 3093 682 3149 si
697 3092 958 3168 quomodocumque
971 3089 1001 3145 in

79 3171 127 3229 hoc
141 3170 309 3244 deficerent,
330 3181 489 3231 tenerentur
504 3175 621 3231 Petrini.
651 3171 725 3230 Vide
739 3172 769 3230 S.
785 3172 890 3230 'l'bom
904 3177 955 3228 nrt.
970 3167 1000 3227 8.

78 3253 102 3311 in
118 3251 199 3331 Corp

115 3332 258 3409 Quaenam
272 3336 451 3410 requiruntur
463 3334 500 3393 ad
514 3333 633 3394 validum
648 3332 875 3414 susceptionem?

116 3412 191 3475 Vll.
209 3414 246 3473 R.
263 3418 300 3471 1·-
315 3414 358 3475 Ut
367 3417 519 3493 suscipiens
529 3417 566 3473 sit
576 3415 745 3496 baptizatus.
767 3414 841 3474 Vide
852 3415 881 3474 S.
894 3410 1002 3473 Tlrem.

83 3494 169 3575 suppl.
184 3504 284 3575 quaest,
298 3496 348 3556 56.
364 3505 413 3555 art.
428 3495 456 3553 3.
472 3496 510 3555 ad
522 3497 551 3555 3.
