2130 3990
294 184 336 228 un
351 181 553 227 asininarum
567 180 742 225 anuarrvrs.
924 161 985 224 225

48 329 178 408 protinm
192 347 257 388 cum
271 333 332 388 tota
342 349 432 389 messa
444 328 568 387 abortiva
576 325 760 408 projiciuntur
769 328 797 386 in
809 327 985 404 sterquilinia

48 409 94 470 rei
106 411 137 469 io
151 408 277 470 latrinas.
319 411 382 468 lmo
405 410 555 469 certissime
574 411 641 478 ecio,
663 408 761 490 plures,
783 408 983 473 adminimum

48 493 211 566 inmanes,
232 493 317 551 etiam
345 491 468 569 legitime
488 498 658 631 procreatos,
679 493 766 548 etiam
779 492 807 549 in
821 488 984 551 secundiuis

48 591 77 630 re
89 572 239 650 agitantes,
260 593 316 631 non
330 575 433 640 animo,
455 593 485 630 se
530 571 605 650 pede
628 571 734 631 crudeli
746 569 832 630 fuisse
845 573 982 652 protritos.

48 653 133 730 Quot
145 656 261 734 proinde
274 653 373 727 millia,
386 661 455 730 quot
465 652 556 712 millia
569 653 687 712 millium
701 653 885 731 parvulorum,
901 674 982 713 occa-

48 740 129 795 sione
152 736 291 816 opinionis
317 734 449 808 adversa,
469 738 610 813 perierunt
623 743 651 794 et
673 734 762 792 indies
777 743 904 810 pereunt,
925 755 981 794 non

48 824 183 896 suscepto
198 815 354 897 Baptismo,
367 817 453 876 etiam
467 836 505 874 ex
520 817 561 885 iis,
577 818 625 896 qui
638 833 752 889 assensu
765 816 892 875 omnium
905 816 983 877 ablui

85 897 201 957 terant!

49 917 129 1037 poIn
141 980 275 1057 opinione
285 986 382 1038 eutem
392 977 594 1038 nostraomnia
607 982 750 1063 occursant
769 977 864 1056 plana,
886 979 984 1038 omnia

50 1059 153 1119 solida.
198 1064 239 1117 1⁰·
252 1059 427 1119 Cunctorum
447 1059 567 1118 foetuum
582 1062 767 1118 animatorum
781 1059 864 1119 saluti
890 1063 982 1138 prori-

51 1140 149 1201 detur:
171 1160 239 1200 nam
252 1141 466 1221 provectioribus
480 1141 633 1218 advigilare
644 1161 699 1200 non
715 1139 837 1214 deficiet,
857 1142 983 1220 quisquis

51 1241 103 1302 pro
114 1223 239 1281 minimis
253 1225 351 1282 timere
373 1222 508 1282 didicerit.
549 1222 593 1278 2⁰·
609 1223 775 1285 Reuerentia
798 1221 983 1283 Sacramento

53 1302 152 1363 debita
164 1312 287 1363 servatur
299 1314 360 1364 tum
374 1311 485 1383 propter
510 1303 698 1363 conditionem
712 1303 741 1361 in
766 1301 857 1362 dubiis
870 1307 981 1384 apposi-

55 1395 121 1452 tum,
144 1393 207 1442 tum
220 1393 332 1464 propter
345 1384 516 1465 probabilem
531 1387 678 1452 rationem,
699 1382 774 1463 quod
786 1383 914 1462 subjecta
926 1386 983 1446 sint

56 1467 90 1526 od
113 1467 289 1545 spiritualem
312 1469 553 1545 regenerationem
567 1466 676 1526 idonea.
719 1465 752 1524 Si
765 1468 828 1523 vero
842 1464 913 1525 talia
923 1486 980 1527 non

58 1550 118 1618 sint,
140 1547 212 1606 nihil
226 1549 258 1605 lit
269 1568 281 1618 z,
296 1547 368 1606 nihil
381 1567 448 1626 ergo
462 1547 634 1626 profanatur.

93 1629 202 1687 lh'cent
228 1629 320 1687 forsan
347 1628 505 1696 adversarii,
527 1628 603 1708 quud
622 1627 747 1687 admissi
760 1627 875 1707 utrique
888 1631 982 1687 nostra

60 1708 153 1778 Thasi,
174 1709 215 1768 nil
240 1719 388 1788 propterca
414 1709 569 1768 curandum
595 1708 680 1768 sitde
693 1711 816 1768 minimis
839 1708 981 1783 abortivis,

61 1798 118 1851 cim
146 1800 197 1848 aut
219 1791 359 1850 laboribus
383 1791 503 1860 abortus,
525 1800 576 1849 eut
599 1794 793 1861 extemoae're
806 1792 900 1850 statim
914 1811 980 1849 ene·

60 1872 138 1933 candi
151 1875 310 1931 necessario
324 1871 478 1931 videantur.

91 1952 153 2013 Sed
178 1957 346 2012 contrarium
375 1953 474 2011 edocet
486 1954 678 2030 experientia:
698 1973 763 2011 nem
780 1954 829 2012 visi
843 1961 908 2013 sunt
920 1972 979 2012 em·

57 2034 177 2114 bryones
191 2038 276 2092 ctiam
291 2035 449 2093 secundinis
462 2036 592 2112 spoliati:
614 2042 643 2092 et
656 2035 780 2092 nondum
794 2032 979 2112 quadraginta

55 2117 108 2175 diae
124 2119 196 2181 nati,
210 2120 259 2193 qui
272 2136 322 2195 per
336 2126 444 2175 motum
457 2119 537 2192 signa
551 2120 611 2174 vitae
625 2115 770 2175 dederunt.
812 2116 899 2174 Plura
908 2135 978 2195 prae·

54 2197 100 2255 bet
114 2197 250 2276 exempla
263 2198 433 2256 clarissimus
454 2197 631 2274 Cangiamila
649 2199 678 2255 in
693 2200 735 2254 sui
748 2200 838 2276 operis
851 2195 977 2267 decursu,

52 2280 200 2357 interque
214 2278 282 2337 illud
296 2286 339 2334 est
351 2281 428 2336 omni
442 2281 610 2355 exceptione
623 2276 744 2355 majus*

89 2364 109 2392 ‘⁴
126 2358 282 2418 Marcellus
311 2358 460 2426 Maenalia,
494 2361 612 2416 civitatis
640 2357 752 2417 Sanctae
783 2357 879 2416 Luciae
905 2357 980 2418 illius

52 2440 192 2498 Dioeeesis
219 2439 317 2497 Abbes
330 2448 358 2499 et
372 2440 478 2498 Praeeul
500 2440 665 2510 ordinariae,
685 2443 738 2500 isto
751 2459 833 2519 opere
847 2439 976 2518 perlecto,

50 2532 222 2601 praeeperat
247 2521 389 2591 Perochis,
412 2533 444 2579 ut
480 2532 588 2600 partum
613 2521 772 2578 Caesareum
801 2520 978 2598 gravidarum

51 2622 100 2678 pro
114 2623 146 2662 re
160 2612 228 2660 nata
242 2611 378 2661 curarent.
422 2603 496 2660 Cum
524 2622 591 2680 ergo
609 2601 694 2660 V111.
711 2602 779 2660 Kal.
794 2608 872 2682 Sept.
888 2603 975 2662 1745.

51 2684 317 2762 CaeaareaSchepisi
330 2687 469 2742 llominici
486 2704 557 2740 uxor
571 2683 758 2750 occumberet,
774 2683 874 2742 haeose
888 2703 977 2763 prag-

50 2776 168 2824 nantem
183 2786 244 2823 esee
272 2767 420 2844 patefecit;
443 2784 550 2822 currere
564 2775 658 2823 antem
672 2767 833 2841 vigesimum
847 2765 888 2824 vel
902 2767 976 2844 vige·

51 2849 152 2905 simum
168 2847 288 2925 primum
310 2846 482 2923 graviditatis
509 2846 592 2914 diem,
616 2856 648 2904 ut
672 2866 709 2904 ex
723 2866 828 2904 nausea
842 2850 975 2918 carnium,

51 2927 130 2986 solito
158 2928 212 3006 ipsi
239 2932 398 3005 gestationis
425 2926 539 2999 indicio,
559 2926 678 3005 aliisque
697 2926 873 2986 adminiculis
886 2928 976 3006 conji-

51 3009 152 3066 aicbat.
194 3009 241 3066 Ed
252 3012 336 3086 igitur
347 3019 409 3087 post
423 3018 538 3066 mortem
551 3008 681 3074 dissecta,
696 3009 822 3067 iuventus
836 3017 878 3067 est
891 3008 976 3069 foetus

50 3108 95 3166 pro
109 3092 245 3168 temporis
259 3095 366 3148 ratione
379 3089 522 3157 formatus,
538 3098 623 3167 caput
636 3088 764 3148 nimirum
778 3089 894 3157 habene,
907 3084 975 3149 ocu·

50 3168 144 3250 lneque
159 3170 231 3228 bene
245 3174 401 3239 distinctos;
422 3182 545 3228 attamen
559 3171 587 3226 in
601 3169 719 3247 liguram
733 3174 872 3238 conicum,
893 3182 978 3250 prout

49 3251 210 3328 hujusmodi
235 3255 323 3310 atatis
350 3253 523 3328 embryonee,
545 3251 698 3310 desinebat.
743 3251 825 3309 lllum
846 3273 884 3310 cx
899 3261 976 3314 motu

48 3333 101 3407 jem
130 3335 291 3392 animatum
318 3345 347 3392 et
361 3337 451 3390 vivum
466 3331 576 3390 Medici
590 3340 619 3389 et
646 3333 806 3410 Presbyteri
821 3344 973 3412 presentes

48 3413 216 3485 iudicarunt.
259 3413 421 3494 Bapti'zatus
436 3423 478 3471 est
491 3433 574 3489 ergo:
591 3412 747 3493 deindeque
761 3418 900 3476 extinctus
910 3438 975 3476 cunr

48 3505 137 3553 matre
149 3497 178 3553 in
193 3495 397 3574 Capucinorum
412 3495 541 3554 Ecclesid
553 3495 718 3553 tumulatus.

89 3585 108 3608 ‘⁶
124 3575 180 3634 Rei
193 3579 301 3636 novitas
315 3577 439 3637 maximni
466 3577 566 3636 laetitid
582 3575 731 3636 Civitatem
757 3576 864 3648 affecit,
885 3585 913 3641 et
927 3577 975 3639 ad·

68 3736 174 3787 Ἕω).
187 3739 212 3789 S.
224 3738 241 3789 l.
256 3739 284 3786 ll
297 3751 311 3787 c
322 3742 346 3788 7.
