2130 3990
354 166 397 207 oa
411 162 627 208 :conscissis
898 140 960 207 Μ

55 309 122 369 lv.
146 311 336 392 Respondent
356 312 462 389 passim
477 308 644 381 Pastoralie,
665 306 733 367 dnm
752 304 897 388 probabile
908 314 960 374 est,

51 391 99 451 od
115 393 325 451 Eucharisticm
340 391 462 470 emplius
485 393 627 468 suscipere
641 411 696 448 non
716 395 868 470 poteruot;
890 385 963 448 illud

54 481 122 532 tem
136 473 280 555 probabile
301 472 451 553 periculum
467 493 522 531 non
537 472 597 528 vult
620 472 734 550 quidem
751 471 880 530 Ecclesia
891 488 960 548 pro·

52 556 125 627 uiri,
146 555 197 615 sed
210 564 304 615 tanum
318 564 477 613 extremum
490 574 546 611 non
571 561 616 611 est
636 551 855 631 expectandum.
896 549 959 608 Ino

49 655 78 693 rc
94 634 192 708 debet,
212 657 265 695 nee
278 638 407 694 convenit
432 636 577 712 expectari
600 632 674 692 idem
699 631 864 713 periculum,
885 632 961 711 qnod

49 736 75 775 ὀ
94 715 235 776 Extrema
247 716 407 777 Unctiono:
430 718 496 794 quia
509 714 585 773 valor
599 713 786 773 Eucharistiae
811 714 894 774 etium
947 732 961 772 r

51 797 149 857 odam
165 798 271 857 Viatlci
284 819 339 858 non
354 801 396 857 ita
408 795 549 878 dependet
562 797 580 852 a
593 803 666 853 stetu
682 797 782 871 morbi,
801 796 883 854 sicuti
925 814 959 852 x·

49 879 294 940 emec-Unctionis.

66 958 109 1019 V.
133 960 346 1021 Observandum
361 966 454 1017 autem
469 957 517 1017 hic
531 967 583 1031 est,
603 956 680 1036 quod
693 978 718 1015 v.
733 978 760 1037 g.
781 957 811 1016 in
834 955 961 1016 febribus

49 1039 168 1119 ralignis‚
188 1041 256 1101 lieet
268 1042 303 1100 ab
317 1044 399 1099 initio
412 1061 467 1098 non
481 1039 571 1097 subsit
583 1038 727 1117 probabile
740 1039 836 1099 mortis
851 1040 960 1118 pericu·

49 1142 98 1190 rm,
122 1122 212 1181 subsit
224 1131 394 1182 tamencum
407 1121 551 1180 communi
564 1122 659 1178 mortis
672 1119 797 1198 periculo
809 1139 885 1193 saepe
898 1140 960 1198 pro·

49 1202 124 1262 abile
138 1203 292 1282 periculum
305 1203 410 1263 delirii:
431 1202 507 1261 unde
520 1202 574 1259 hoc
599 1203 741 1280 praeveniri
755 1199 848 1271 debet,
870 1200 962 1262 viari-

49 1303 96 1341 um
111 1283 350 1353 administrand03
373 1291 414 1341 est
428 1285 504 1341 enin
532 1292 598 1341 tunc
626 1281 776 1358 probabile.
798 1282 875 1359 quod
897 1284 962 1344 tatis

49 1366 159 1423 isumus
174 1365 317 1424 Viatieum
333 1385 387 1423 non
405 1367 505 1443 poterit
518 1363 635 1442 amplius
655 1365 804 1441 suscipere.
846 1362 959 1423 Etenim

49 1446 99 1504 ‚ebt
112 1448 142 1503 in
157 1446 286 1505 delirium
300 1456 351 1505 aut
376 1447 528 1503 amentiam
551 1453 613 1524 post
638 1446 751 1503 rationis
772 1464 852 1502 usum
877 1445 961 1524 lapsis

48 1526 179 1587 'iaticum
193 1547 283 1605 perse
297 1549 351 1585 non
366 1530 403 1585 sit
416 1525 584 1604 negandum,
604 1545 680 1603 saepe
693 1534 796 1593 tamen,
818 1528 874 1584 inab
888 1525 961 1585 ordi·

48 1608 112 1666 sris
127 1628 182 1666 non
197 1608 279 1666 datur
291 1609 327 1666 ob
355 1608 509 1687 periculum
533 1609 723 1675 irreverentiae,
745 1608 870 1676 vomitus,
905 1602 962 1665 &a

48 1687 61 1735 7
62 1688 110 1747 ide
125 1689 215 1747 Num.
236 1685 284 1748 45.

72 1772 117 1827 An
134 1770 305 1829 Communia
320 1769 422 1848 pluries
436 1768 531 1829 danda
544 1776 587 1826 est
597 1767 727 1827 infirmo?
839 1840 842 1845 Ι

72 1849 130 1908 Vl.
152 1851 191 1910 R.
217 1856 255 1908 1⁰·
277 1853 310 1909 ln
325 1851 423 1910 eodem
435 1851 524 1909 morbi
544 1856 618 1906 statu
631 1870 685 1907 non
712 1851 827 1909 iteratur
840 1870 889 1926 per
902 1870 962 1910 mo-

48 1932 100 1990 lum
117 1930 233 2000 Viatia,
248 1941 280 1992 ut
293 1932 374 1991 docet
385 1932 551 2026 S..,„('.apolus
567 1931 758 2002 Borromaeue3
780 1932 853 1990 unde
866 1935 889 1991 si
903 1938 967 2010 poet

48 2013 181 2072 iiaticum
206 2017 303 2072 iterum
334 2013 504 2070 Communia
526 2010 674 2080 deferatur,
702 2010 778 2070 dicat
803 2012 964 2071 Sacerdos:

48 2094 154 2172 l'orpus
171 2094 284 2154 Domini
298 2096 399 2165 nostri,
412 2091 468 2156 dec.
482 2114 539 2152 non
549 2104 659 2152 autem:
682 2096 791 2171 Accipe
798 2093 902 2173 J‘ralcr
919 2094 968 2153 vel

48 2193 128 2247 urm,
155 2174 210 2234 dic.

73 2257 120 2315 20·
142 2259 174 2314 Si
188 2260 227 2315 ita
240 2256 400 2316 notabiliter
414 2265 535 2315 mutetur
561 2255 649 2315 morbi
668 2262 767 2329 status,
794 2263 823 2313 ut
845 2262 967 2334 aegroti:

47 2340 156 2397 vaserit
170 2341 263 2397 mortis
278 2337 441 2417 pericnlum,
469 2348 499 2395 et
511 2337 605 2397 denud
618 2340 647 2396 in
660 2357 762 2395 novum
776 2336 882 2395 incidat
893 2339 970 2416 perc

47 2419 140 2492 ulum,
160 2420 262 2477 iterum
276 2419 481 2477 administratur
500 2439 549 2497 per
564 2418 677 2477 modum
691 2418 805 2477 Viatici.

58 2499 120 2559 ,3⁰·
143 2501 263 2559 Licitani
277 2509 320 2558 est
333 2502 419 2559 etiam
435 2501 535 2578 pluries
547 2502 574 2558 in
587 2500 684 2557 eodem
699 2499 788 2557 morbi
802 2508 877 2557 statu
887 2518 966 2558 oum·

47 2583 183 2639 conicere
197 2601 233 2639 ex
248 2581 404 2647 devotione,
425 2601 482 2638 non
509 2589 602 2640 tamen
617 2583 668 2640 nisi
683 2589 747 2659 post
760 2580 873 2658 aliquod
895 2587 966 2638 tenu

47 2666 112 2720 ioris
127 2664 310 2730 intervallum,
323 2663 394 2741 putri
408 2672 471 2721 octo
487 2661 528 2720 vel
543 2661 638 2720 decom
654 2662 772 2720 dierum.
801 2661 859 2719 Vid
875 2662 966 2719 Num.

47 2742 84 2801 l'l.

78 2823 165 2883 Circa
179 2823 302 2887 modum.
324 2826 370 2902 qui
390 2825 451 2902 jaro
466 2831 585 2883 serualur
598 2826 627 2883 in
640 2823 770 2883 Ecclesia
783 2823 867 2882 letina
883 2821 968 2900 (scili-

47 2914 84 2965 :et
99 2906 271 2964 immittendi
287 2906 490 2964 lrlrrclrnristiam
505 2908 545 2963 ori
559 2905 684 2963 fidelium
707 2904 868 2962 immediate
883 2924 969 2962 monn

47 2987 197 3061 ministri),
212 2986 282 3045 nihil
311 2996 401 3065 potest
415 2990 537 3044 innovari
551 2987 578 3044 in
595 2985 696 3044 morbis
706 2986 861 3051 ordinariis,
883 2987 969 3043 etiam

47 3070 216 3144 contagiosis,
244 3087 269 3125 v.
293 3087 321 3144 g.
348 3067 472 3127 febribus
500 3068 635 3145 malignis,
657 3066 827 3146 dysenteria,
850 3067 970 3140 verialia,

47 3147 94 3207 lue.

84 3228 160 3286 Vll.
175 3228 277 3305 Quoad
288 3229 401 3288 modurn
410 3229 582 3289 ministrandi
591 3228 731 3287 Viaticum
742 3239 865 3307 tempore
874 3229 971 3307 pestis,

46 3319 73 3367 rt
87 3310 215 3368 obvietur
230 3314 349 3389 contagii
371 3309 504 3390 periculo,
525 3311 588 3369 vide
616 3309 744 3388 Sylvium
757 3309 849 3387 suppl.
874 3319 971 3388 quiesi.

46 3390 91 3450 32.
113 3400 164 3449 ert.
176 3391 356 3451 conclusione
371 3392 399 3449 4.
415 3392 463 3450 ubi
487 3395 575 3451 varios
600 3390 697 3449 modos
714 3393 875 3457 examinal;
902 3391 971 3450 irem

46 3474 179 3533 eximium
193 3472 308 3544 Scaills,
319 3476 347 3533 in
359 3473 494 3552 opusculo
503 3472 539 3533 de
547 3476 628 3534 inodo
636 3473 859 3533 administrandi
867 3472 972 3533 Sarro-
