2130 3990
103 130 164 191 868
483 150 665 196 reimerus

100 304 280 371 peccatorum
300 297 507 369 remissionem
528 300 605 358 aliud
631 276 780 375 religionisx
800 295 829 353 iu
855 293 1014 377 Eucherium,

102 388 152 453 per
165 379 239 454 quod
253 378 352 437 eudem
367 380 493 437 remissio
506 381 586 438 nobis
598 379 764 457 applicatur.

132 542 171 600 ιι
193 543 223 606 s.
245 540 998 605 nsuxrsruurmsscmmc11iussn
1051 525 1059 645 ξ

103 704 127 766 I.
155 706 308 767 Berisatr'o
324 711 404 766 nocis
418 707 528 766 Mlssae.
572 708 611 768 11.
625 709 817 777 Sacrificium
834 704 945 766 Missa.
979 706 1023 769 III

98 788 290 848 Probatur
309 808 347 846 es
363 790 522 867 prophetia
547 787 711 848 tratactu.
755 786 815 848 IV.
842 786 1024 848 ltemeaesa-
1057 856 1059 865 Ι

143 871 272 927 cerdotto
289 870 572 928 contrectandum
583 872 712 929 ordinm
724 867 959 929 Melchisedech
991 869 1023 931 V.
1057 870 1059 881 ’

141 949 287 1008 Probatur
301 951 388 1009 ettam
412 970 451 1009 cs
465 951 560 1009 verbm
572 946 777 1010 institutionis.
821 947 884 1009 vl.
896 949 1025 1011 Probus

142 1051 208 1088 usu.
252 1029 321 1088 VII.
342 1030 394 1089 Es
417 1033 585 1092 traditione.
627 1030 714 1090 VIII.
742 1031 792 1089 Es
814 1031 1024 1093 conditionibus

143 1110 293 1169 Sacn'ricr'r'
301 1114 422 1188 propri&
437 1113 521 1172 dicti.

97 1286 102 1297 ’
141 1276 164 1333 I.
187 1275 275 1332 Omns
300 1275 404 1351 duplex
431 1275 652 1355 distinguebsmr
678 1275 781 1347 Misso,
809 1294 870 1333 uun
901 1273 1024 1333 Cuteobu·

98 1376 243 1414 rnfflorum
256 1365 285 1414 et
298 1356 507 1428 Paenitentiam,
521 1377 593 1433 quos
608 1356 753 1414 Diaconos
767 1366 834 1434 post
850 1355 1025 1433 Evangeliuu

100 1447 128 1494 et
142 1438 303 1494 concionem
315 1436 484 1507 dimittebam
507 1439 581 1496 unde
594 1437 631 1495 eb
644 1438 756 1497 introitu
769 1457 864 1515 usque
878 1436 915 1495 ud
926 1436 1024 1495 offerto

96 1518 170 1575 rium
183 1518 335 1576 vocabatur
356 1518 448 1576 Misso
470 1518 756 1577 Catecbumenorum:
777 1520 869 1577 altera
890 1517 1024 1589 Fideliunr,

100 1608 130 1656 st
143 1618 177 1657 ee
189 1597 307 1657 durabat
316 1598 371 1657 ob
363 1599 476 1657 introitu
490 1619 578 1677 usque
591 1601 627 1657 sd
640 1599 733 1672 finem,
752 1620 809 1685 quo
822 1608 952 1675 tempore
966 1598 1024 1657 Diu
1055 1510 1059 1657 i

97 1699 184 1737 sonus
198 1679 360 1738 admittebat
372 1681 504 1757 populum
517 1682 560 1739 bis
574 1681 679 1739 verbis:
697 1681 752 1754 Ite,
769 1676 870 1740 Missa
885 1691 946 1750 em
969 1700 1023 1758 qun

99 1763 223 1819 secunde
236 1761 359 1819 dimissio
373 1762 522 1820 etiamnum
539 1771 674 1835 remanet,
702 1771 732 1820 et
758 1762 822 1820 ideo
851 1725 1023 1834 Sacrilicinn,

98 1843 173 1917 quod
186 1841 328 1918 qnotidie
321 1862 349 1900 m
358 1844 470 1918 templis
483 1843 664 1901 Sacerdotem
678 1842 831 1901 ministerio
846 1842 970 1915 offertur,
979 1863 1020 1901 so·

97 1931 176 1980 satur
193 1923 302 1982 Misso

137 2003 226 2061 Porro
240 2003 331 2062 Missa
352 2003 469 2062 sumitur
491 2013 614 2081 prototo
636 2004 682 2062 ille
697 2005 806 2062 actione
820 2023 914 2074 sacre,
935 2024 987 2081 qua
997 2005 1019 2062 is

97 2084 227 2143 Ecclesia
241 2085 512 2143 (atholicnoffertur
525 2087 698 2144 incruentum
723 2105 804 2143 novae
820 2083 911 2162 Legis
937 2085 1017 2143 Sacri·
1053 2076 1059 2111 ⁵

94 2165 187 2223 licium
201 2187 264 2224 cum
279 2167 361 2223 variis
375 2166 501 2243 precibus
515 2175 545 2224 et
559 2166 748 2225 caeremouiis.
769 2167 865 2223 omniu
879 2178 968 2224 tamen
980 2167 1016 2223 ills
1051 2156 1059 2192 ⁵

94 2267 149 2304 non
173 2257 299 2324 spectant
323 2248 421 2305 eodem
435 2248 517 2306 modo
531 2248 567 2305 od
581 2246 753 2307 Sacrificium
767 2247 889 2305 Missae.
911 2249 960 2306 sed
973 2248 1057 2307 slis
1052 2237 1059 2272 ³

93 2330 231 2401 pectinent
244 2329 280 2385 nd
301 2329 449 2386 essentiam
464 2327 607 2400 Sacrificii,
629 2329 683 2386 alis
705 2327 778 2388 ad
754 2348 815 2406 ejus
829 2328 1013 2404 integritatem,
1052 2316 1059 2352 Ε

93 2409 147 2464 ulia
173 2410 208 2465 od
233 2408 365 2487 majorem
392 2409 585 2481 reverentIem,
609 2409 741 2487 Mysterii
768 2409 981 2486 explicationem
993 2419 1014 2467 et
1052 2399 1059 2433 ³

93 2487 304 2548 edificationem
316 2488 463 2562 Fidelium,
477 2498 509 2548 ut
518 2491 622 2566 patebit
634 2500 739 2567 posteo
1041 2481 1059 2515 ²

133 2568 211 2636 Quin
222 2577 266 2628 est
275 2569 445 2630 Sacrificium
460 2571 569 2629 Missae
1055 2640 1059 2652 ι

135 2650 173 2709 ΙΙ.
197 2649 234 2710 R.
250 2651 305 2710 Est
317 2651 419 2709 oblatio
432 2662 551 2710 externo
560 2652 694 2728 Corporis
708 2661 739 2711 et
752 2650 904 2729 Sanguinis
920 2652 1013 2710 Cluisli
1057 2722 1059 2729 Ι

91 2752 141 2808 per
155 2733 261 2808 species
273 2732 358 2790 Panis
372 2741 401 2792 et
415 2733 483 2793 Vini
498 2733 662 2791 sensibiliter
674 2732 861 2791 exhibitorum
872 2735 890 2791 b
902 2733 1014 2810 legitimo

92 2812 234 2885 Ministro,
255 2814 329 2872 fecta
343 2813 408 2872 Deo
419 2816 445 2871 in
458 2814 676 2893 recognitionem
691 2815 812 2890 supremi
826 2812 888 2891 ejus
901 2814 1013 2885 dominii,

91 2894 218 2952 adhibitis
245 2894 409 2972 quibusdam
432 2894 559 2972 precibus
583 2904 612 2953 et
638 2894 810 2953 caeremoniis
832 2895 868 2951 ab
894 2893 1013 2953 Ecclesia

89 2975 258 3053 praescriptis
272 2977 308 3034 ad
320 2975 454 3054 majorem
470 2977 525 3034 Dei
538 2976 642 3034 cultum
652 2985 681 3034 et
692 2976 787 3053 populi
800 2975 1012 3033 aedificationem.

130 3055 284 3134 Zuingliani
298 3066 327 3114 et
341 3057 513 3129 calvinistae,
528 3077 561 3115 ac
572 3065 706 3135 quotquot
715 3058 819 3115 realem
830 3055 936 3115 Christi
949 3077 1012 3133 prn-

89 3138 206 3195 ssutism
233 3146 336 3215 negant
357 3139 385 3194 in
411 3137 595 3210 Eucharistiae,
623 3146 825 3216 consequenter
850 3147 965 3215 negent,
990 3139 1013 3194 is
1057 3198 1059 3205 ,

89 3217 182 3275 Missa
195 3218 286 3276 offerri
299 3238 395 3276 verum
408 3238 441 3276 ac
454 3220 566 3297 proprie
580 3220 683 3277 dictum
696 3217 876 3287 Sacrificium

130 3298 291 3370 Luthernni‚
325 3299 393 3359 licet
415 3301 592 3376 praesentIam
615 3302 719 3358 realem
743 3299 898 3371 admittent,
934 3300 1013 3358 etism

88 3388 181 3438 tomen
206 3379 375 3442 Sacrificium
400 3380 500 3438 Missae
521 3380 658 3459 rejiciunt,
677 3381 716 3438 ita
740 3391 771 3439 ut
792 3379 944 3452 Lutberus,
971 3380 1012 3438 Iib.

89 3462 123 3519 lle
137 3461 368 3541 Μίιιαριίιιιια,
382 3462 502 3522 scribere
515 3482 571 3521 nou
584 3461 725 3522 erubuerit
737 3463 848 3520 tandem
861 3462 914 3519 sibi
929 3462 1013 3520 udes-
