2130 3990
318 201 361 247 nn
379 197 540 247 mmnuo.
833 180 890 243 2⁰1

48 428 64 487 t.
78 424 141 487 AN
156 424 213 487 ET
232 423 454 498 QUOMODO
476 429 609 493 uuum
630 422 895 489 EXPOSITITII

228 506 329 569 SINT
351 506 632 573 BAPTIZANDIi

48 670 185 751 penditis·
196 668 383 750 doptixentur
396 672 608 734 conditionate.
642 671 685 735 11.
701 671 896 739 Quaererem

48 755 144 831 posita
162 751 283 812 scedula
304 751 405 813 collati
429 753 457 812 B
496 756 589 815 trimi.
618 752 677 812 ΙΙΙ.
698 750 771 813 Nisi
782 752 897 815 constet

48 853 58 881 ν
70 840 170 895 testes.
192 832 249 893 IV.
265 833 398 894 Peccata
406 852 466 915 pro
478 855 521 894 em
536 837 720 914 exponentis.

57 995 154 1063 Rusu.
178 992 327 1055 Generalis
347 996 481 1056 resolutio
501 1002 555 1071 est,
574 990 760 1079 buptiuendos
774 1010 820 1053 eos
832 1010 896 1056 essu

48 1076 207 1151 anditione,
219 1076 322 1157 quibus
334 1077 442 1137 nullum
452 1080 610 1158 oppositum
622 1087 667 1139 oet
676 1082 789 1158 signum
802 1072 896 1145 collui

48 1161 115 1227 emi,
134 1165 184 1218 sot
205 1160 335 1219 nonnisi
355 1158 473 1219 dubium
493 1179 544 1218 seu
556 1158 730 1240 ambiguum,
770 1152 834 1215 ursle
853 1160 898 1215 est

48 1240 107 1377 ritip
119 1239 194 1313 sniis,
213 1247 247 1298 ut
268 1236 398 1299 observet
417 1239 552 1318 Spanum
565 1238 737 1301 Messana
788 1230 895 1299 ecilin

48 1338 71 1379 o.
108 1363 117 1379 .

68 1399 195 1472 Quando
215 1405 311 1460 eutem
323 1401 397 1462 inter
409 1400 575 1462 Cotbolioos
588 1401 735 1483 expositus
747 1408 790 1461 est
802 1394 896 1459 iussus

48 1484 181 1562 opposite
191 1480 315 1556 scedula,
325 1503 389 1562 que
401 1483 482 1543 illum
494 1482 668 1562 baptizatum
680 1478 812 1553 affirmet,
824 1498 895 1539 non·

48 1572 117 1624 tono
131 1564 308 1637 existiment,
328 1564 411 1625 ulem
425 1563 576 1643 nequidem
592 1563 644 1625 sub
658 1560 821 1623 conditione
834 1579 897 1621 esse

48 1644 189 1716 undum
209 1645 306 1703 uerum
329 1646 504 1705 communior
523 1653 552 1706 et
564 1648 648 1705 tutior
659 1645 798 1723 sententie
809 1640 898 1703 hebet

48 1728 155 1785 orium:
170 1726 238 1804 quie
246 1724 422 1785 sceduluille
431 1733 475 1787 est
484 1736 614 1806 suspecte
622 1724 657 1787 de
669 1724 783 1787 fellscie
795 1722 895 1783 eutho-

48 1812 93 1867 um
104 1806 154 1873 hic
166 1807 294 1875 testibus,
304 1826 361 1866 non
371 1808 537 1867 testimoniis
545 1809 582 1871 sit
591 1804 779 1868 credendum:
793 1802 896 1866 deinde

48 1908 83 1947 rm
107 1897 215 1957 monet,
235 1906 272 1947 sn
297 1886 457 1967 Baptismus
470 1886 562 1949 valide
575 1888 658 1949 fuerit
670 1887 808 1947 nollens:
829 1891 896 1947 edm

48 1978 156 2038 ensem,
171 1971 189 2028 ri
202 1989 257 2049 qno
269 1977 299 2028 et
312 1968 453 2048 quomodo
466 1970 494 2029 in
508 1968 565 2031 illis
576 1964 808 2050 perplexitatibus
820 1966 896 2049 Bep-

48 2072 60 2109 s
73 2052 112 2109 sit
125 2047 224 2109 infenti
235 2049 451 2109 administratus.
648 2120 653 2127 ,

48 2132 63 2190 ἱ.
101 2131 226 2191 Unicum
247 2151 343 2189 cusum
363 2134 472 2210 excipit
492 2130 652 2191 Concilium
675 2128 897 2214 Carthaginense

48 2232 93 2273 um
117 2211 177 2285 (vel
192 2211 281 2291 juxte
300 2211 369 2271 ulios
393 2214 535 2291 questum)
556 2233 620 2294 cop.
643 2211 673 2273 6.
701 2214 721 2245 “
736 2210 896 2283 Pisouitde

48 2293 131 2364 tibus,
141 2295 248 2372 quoties
261 2313 315 2351 non
327 2296 506 2357 inveniuntur
518 2295 665 2354 certissimi
678 2301 771 2366 testes,
785 2295 895 2375 qui-eos

48 2382 124 2433 ustos
136 2394 196 2433 esse
208 2373 269 2433 eine
283 2372 458 2433 dubitatione
468 2383 618 2436 testentur·
629 2374 749 2453 absque
761 2372 895 2454 scrupulo

48 2453 314 2534 rosbeptiuendos.”
525 2522 528 2529 ,

48 2558 71 2596 ro
93 2538 205 2596 interim
226 2535 351 2595 observet
374 2532 549 2611 Brsunmen',
566 2536 642 2616 qurid
663 2534 792 2597 siininns
804 2537 895 2598 sitro-

48 2638 75 2689 ε,
96 2619 139 2675 ita
158 2622 189 2675 nt
209 2636 264 2675 non
285 2614 322 2676 ¹sit
341 2618 497 2696 perieulum
516 2619 546 2677 in
567 2636 721 2689 memnon
740 2618 836 2677 stetim
857 2614 897 2677 ed

48 2718 143 2759 smum
165 2718 226 2757 esee
244 2697 450 2777 procedendum
461 2718 469 2771 3
488 2698 539 2759 sed
551 2698 699 2779 interjecti
711 2696 809 2778 alique
821 2706 894 2757 tem·

51 2782 139 2848 mord,
155 2781 183 2837 in
199 2780 336 2841 Parentes
348 2778 545 2859 inquirendum
559 2800 628 2853 csse,
649 2788 680 2839 ut
693 2799 732 2837 ex
744 2779 798 2837 illis
811 2778 893 2839 intel·

48 2880 79 2932 rr,
102 2860 170 2940 quid
184 2870 277 2920 ectum
290 2864 328 2921 sit
340 2860 417 2919 ciros
430 2856 606 2938 Baptismum
618 2861 707 2939 pueri.

48 2942 179 3082 ›iter?bio
200 2944 303 3022 inquiri
325 2940 406 3016 solet
425 2939 565 3023 quomodo
577 2946 704 3019 peccent,
725 2938 775 3018 qui
786 2937 895 3020 prolem

48 3031 113 3085 sunt
809 3060 817 3095 s

48 3104 61 3165 ’.
85 3104 123 3164 lt
143 3088 295 3175 Quomodo
312 3111 435 3182 peccent
454 3100 562 3163 ratione
581 3098 698 3180 injurius,
719 3108 749 3159 et
767 3097 805 3161 ed
823 3094 896 3179 quid

48 3193 125 3260 ntur,
143 3187 206 3245 uide
218 3188 247 3245 io
262 3185 397 3245 Trectutu
410 3185 448 3243 de
459 3184 535 3243 dure
549 3192 576 3244 et
588 3182 725 3249 lustitia,
742 3180 791 3241 ubi
805 3184 897 3261 egitur

48 3277 116 3327 ortu
130 3275 158 3326 et
170 3275 272 3346 stupro.
775 3320 776 3325 χ

48 3348 115 3407 inde
124 3350 146 3406 si
158 3349 265 3426 prolem
274 3367 330 3405 non
342 3345 438 3405 debiti
447 3347 654 3426 baptizaverint,
662 3342 738 3401 illam
748 3351 895 3420 exponunt

48 3429 89 3489 rlo
103 3438 210 3488 aeternae
223 3428 427 3497 damnationis;
444 3430 466 3486 si
481 3437 573 3486 sutem
584 3424 673 3484 relide
683 3424 895 3502 baptizaverint,

48 3530 100 3569 rem
113 3518 234 3590 peccunt
247 3519 364 3589 peccato
378 3510 522 3587 sacrilegii,
536 3512 671 3587 quotenus
681 3515 762 3565 extre
774 3507 894 3564 necessi·

48 3612 55 3651 ι
69 3591 264 3654 administrent
280 3590 334 3651 hoo
354 3590 576 3662 Sacramentum,
598 3596 627 3648 et
647 3596 782 3667 usurpent
791 3586 839 3667 jus
852 3584 894 3647 ul·
