<?xml version="1.0" encoding="UTF-8"?>
<!DOCTYPE html PUBLIC "-//W3C//DTD XHTML 1.0 Transitional//EN"
    "http://www.w3.org/TR/xhtml1/DTD/xhtml1-transitional.dtd">
<html xmlns="http://www.w3.org/1999/xhtml" xml:lang="en" lang="en">
 <head>
  <title>
</title>
<meta http-equiv="Content-Type" content="text/html;charset=utf-8" />
  <meta name='ocr-system' content='tesseract 3.04.00' />
  <meta name='ocr-capabilities' content='ocr_page ocr_carea ocr_par ocr_line ocrx_word'/>
</head>
<body>
  <div class='ocr_page' id='page_1' title='image "./theologiamorali02densgoog_0198.png"; bbox 0 0 2130 3990; ppageno 0'>
   <div class='ocr_carea' id='block_1_1' title="bbox 310 204 964 267">
    <p class='ocr_par' dir='ltr' id='par_1_1' title="bbox 310 204 964 267">
     <span class='ocr_line' id='line_1_1' title="bbox 310 204 964 267; baseline 0.006 -5"><span class='ocrx_word' id='word_1_1' title='bbox 310 206 314 221; x_wconf 93' lang='lat'><em>&#39;</em></span> <span class='ocrx_word' id='word_1_2' title='bbox 387 219 429 263; x_wconf 80' lang='lat' dir='ltr'>nn</span> <span class='ocrx_word' id='word_1_3' title='bbox 449 218 611 263; x_wconf 71' lang='lat' dir='ltr'>numiano.</span> <span class='ocrx_word' id='word_1_4' title='bbox 903 204 964 267; x_wconf 81' lang='lat'>187</span> 
     </span>
    </p>
   </div>
   <div class='ocr_carea' id='block_1_2' title="bbox 44 398 957 591">
    <p class='ocr_par' dir='ltr' id='par_1_2' title="bbox 44 398 957 591">
     <span class='ocr_line' id='line_1_2' title="bbox 44 398 957 514; baseline -0.005 -3"><span class='ocrx_word' id='word_1_5' title='bbox 44 406 145 513; x_wconf 71' lang='lat' dir='ltr'>uer.</span> <span class='ocrx_word' id='word_1_6' title='bbox 167 448 227 511; x_wconf 85' lang='lat' dir='ltr'>nn</span> <span class='ocrx_word' id='word_1_7' title='bbox 247 398 624 507; x_wconf 77' lang='lat' dir='ltr'>niseosrmoninos</span> <span class='ocrx_word' id='word_1_8' title='bbox 647 442 888 514; x_wconf 75' lang='lat' dir='ltr'>ancorarum</span> <span class='ocrx_word' id='word_1_9' title='bbox 909 445 957 506; x_wconf 82' lang='lat' dir='ltr'>lu</span> 
     </span>
     <span class='ocr_line' id='line_1_3' title="bbox 243 524 743 591; baseline -0.014 0"><span class='ocrx_word' id='word_1_10' title='bbox 243 527 427 591; x_wconf 73' lang='lat' dir='ltr'>nonusis</span> <span class='ocrx_word' id='word_1_11' title='bbox 450 524 743 587; x_wconf 71' lang='lat' dir='ltr'>normannum.</span> 
     </span>
    </p>
   </div>
   <div class='ocr_carea' id='block_1_3' title="bbox 265 654 767 766">
    <p class='ocr_par' dir='ltr' id='par_1_3' title="bbox 265 654 767 766">
     <span class='ocr_line' id='line_1_4' title="bbox 265 654 767 766; baseline -0.018 -15"><span class='ocrx_word' id='word_1_12' title='bbox 265 688 379 751; x_wconf 87' lang='lat' dir='ltr'>Concil.</span> <span class='ocrx_word' id='word_1_13' title='bbox 393 688 471 749; x_wconf 76' lang='lat' dir='ltr'>Trici.</span> <span class='ocrx_word' id='word_1_14' title='bbox 485 707 557 749; x_wconf 83' lang='lat' dir='ltr'>sess.</span> <span class='ocrx_word' id='word_1_15' title='bbox 572 689 601 744; x_wconf 89' lang='lat'>6.</span> <span class='ocrx_word' id='word_1_16' title='bbox 616 706 681 766; x_wconf 82' lang='lat' dir='ltr'>cop.</span> <span class='ocrx_word' id='word_1_17' title='bbox 696 686 726 746; x_wconf 87' lang='lat'>6.</span> <span class='ocrx_word' id='word_1_18' title='bbox 764 654 767 661; x_wconf 35' lang='lat'>¹</span> 
     </span>
    </p>
   </div>
   <div class='ocr_carea' id='block_1_4' title="bbox 44 847 954 1177">
    <p class='ocr_par' dir='ltr' id='par_1_4' title="bbox 44 847 954 1177">
     <span class='ocr_line' id='line_1_5' title="bbox 44 847 954 935; baseline -0.004 -21"><span class='ocrx_word' id='word_1_19' title='bbox 44 855 59 917; x_wconf 79' lang='lat' dir='ltr'>i.</span> <span class='ocrx_word' id='word_1_20' title='bbox 80 853 244 935; x_wconf 79' lang='lat' dir='ltr'>Dr&#39;rpoeitio</span> <span class='ocrx_word' id='word_1_21' title='bbox 255 848 357 911; x_wconf 79' lang='lat' dir='ltr'>adniti.</span> <span class='ocrx_word' id='word_1_22' title='bbox 387 849 428 908; x_wconf 85' lang='lat' dir='ltr'>ll.</span> <span class='ocrx_word' id='word_1_23' title='bbox 442 849 489 909; x_wconf 81' lang='lat' dir='ltr'>Ad</span> <span class='ocrx_word' id='word_1_24' title='bbox 501 847 626 911; x_wconf 61' lang='lat' dir='ltr'>onmem</span> <span class='ocrx_word' id='word_1_25' title='bbox 644 847 800 928; x_wconf 80' lang='lat' dir='ltr'>Bnptt&#39;omi,</span> <span class='ocrx_word' id='word_1_26' title='bbox 836 849 893 909; x_wconf 89' lang='lat'><em>111.</em></span> <span class='ocrx_word' id='word_1_27' title='bbox 912 851 954 910; x_wconf 83' lang='lat' dir='ltr'>Et</span> 
     </span>
     <span class='ocr_line' id='line_1_6' title="bbox 68 927 952 1015; baseline -0.008 -18"><span class='ocrx_word' id='word_1_28' title='bbox 68 935 252 1015; x_wconf 76' lang='lat' dir='ltr'>odfinetnm</span> <span class='ocrx_word' id='word_1_29' title='bbox 266 932 460 991; x_wconf 68' lang='lat' dir='ltr'>Sacramenta</span> <span class='ocrx_word' id='word_1_30' title='bbox 485 929 543 991; x_wconf 90' lang='lat' dir='ltr'>IV.</span> <span class='ocrx_word' id='word_1_31' title='bbox 561 927 737 1008; x_wconf 83' lang='lat' dir='ltr'>Requiritnr</span> <span class='ocrx_word' id='word_1_32' title='bbox 750 934 889 990; x_wconf 85' lang='lat' dir='ltr'>eontritr&#39;o</span> <span class='ocrx_word' id='word_1_33' title='bbox 901 934 952 990; x_wconf 80' lang='lat' dir='ltr'>iin-</span> 
     </span>
     <span class='ocr_line' id='line_1_7' title="bbox 63 1010 952 1097; baseline -0.003 -24"><span class='ocrx_word' id='word_1_34' title='bbox 63 1016 205 1097; x_wconf 71' lang='lat' dir='ltr'>persecta</span> <span class='ocrx_word' id='word_1_35' title='bbox 227 1012 267 1074; x_wconf 90' lang='lat' dir='ltr'>V.</span> <span class='ocrx_word' id='word_1_36' title='bbox 277 1031 340 1074; x_wconf 86' lang='lat' dir='ltr'>non</span> <span class='ocrx_word' id='word_1_37' title='bbox 354 1020 449 1072; x_wconf 87' lang='lat' dir='ltr'>tomen</span> <span class='ocrx_word' id='word_1_38' title='bbox 463 1010 499 1070; x_wconf 87' lang='lat' dir='ltr'>de</span> <span class='ocrx_word' id='word_1_39' title='bbox 506 1019 630 1089; x_wconf 81' lang='lat' dir='ltr'>peceato</span> <span class='ocrx_word' id='word_1_40' title='bbox 643 1011 793 1088; x_wconf 75' lang='lat' dir='ltr'><em>originali.</em></span> <span class='ocrx_word' id='word_1_41' title='bbox 814 1010 872 1071; x_wconf 89' lang='lat' dir='ltr'>VI.</span> <span class='ocrx_word' id='word_1_42' title='bbox 882 1012 952 1072; x_wconf 90' lang='lat' dir='ltr'>Non</span> 
     </span>
     <span class='ocr_line' id='line_1_8' title="bbox 68 1090 884 1177; baseline -0.011 -20"><span class='ocrx_word' id='word_1_43' title='bbox 68 1096 230 1177; x_wconf 79' lang='lat' dir='ltr'>requiritur</span> <span class='ocrx_word' id='word_1_44' title='bbox 242 1093 390 1175; x_wconf 75' lang='lat' dir='ltr'>consessio</span> <span class='ocrx_word' id='word_1_45' title='bbox 410 1090 482 1152; x_wconf 83' lang='lat' dir='ltr'>Vll.</span> <span class='ocrx_word' id='word_1_46' title='bbox 497 1112 551 1152; x_wconf 86' lang='lat' dir='ltr'>nec</span> <span class='ocrx_word' id='word_1_47' title='bbox 564 1109 652 1170; x_wconf 77' lang='lat' dir='ltr'>epora</span> <span class='ocrx_word' id='word_1_48' title='bbox 665 1091 884 1171; x_wconf 60' lang='lat' dir='ltr'>satisfactoria(</span> 
     </span>
    </p>
   </div>
   <div class='ocr_carea' id='block_1_5' title="bbox 44 1253 965 3604">
    <p class='ocr_par' dir='ltr' id='par_1_5' title="bbox 44 1253 957 1499">
     <span class='ocr_line' id='line_1_9' title="bbox 66 1253 957 1335; baseline -0.002 -18"><span class='ocrx_word' id='word_1_49' title='bbox 66 1257 92 1318; x_wconf 85' lang='grc' dir='ltr'>Ι.</span> <span class='ocrx_word' id='word_1_50' title='bbox 106 1256 258 1319; x_wconf 79' lang='lat' dir='ltr'>Auunuus</span> <span class='ocrx_word' id='word_1_51' title='bbox 269 1254 318 1315; x_wconf 87' lang='lat' dir='ltr'>hio</span> <span class='ocrx_word' id='word_1_52' title='bbox 330 1254 504 1334; x_wconf 80' lang='lat' dir='ltr'>intelligitur,</span> <span class='ocrx_word' id='word_1_53' title='bbox 519 1256 566 1335; x_wconf 88' lang='lat' dir='ltr'>qui</span> <span class='ocrx_word' id='word_1_54' title='bbox 579 1253 730 1334; x_wconf 88' lang='lat' dir='ltr'>aliquando</span> <span class='ocrx_word' id='word_1_55' title='bbox 742 1255 855 1314; x_wconf 88' lang='lat' dir='ltr'>rationis</span> <span class='ocrx_word' id='word_1_56' title='bbox 869 1275 957 1328; x_wconf 86' lang='lat' dir='ltr'>usum¹</span> 
     </span>
     <span class='ocr_line' id='line_1_10' title="bbox 44 1335 951 1418; baseline -0.003 -19"><span class='ocrx_word' id='word_1_57' title='bbox 44 1338 142 1407; x_wconf 78' lang='lat' dir='ltr'>abuit:</span> <span class='ocrx_word' id='word_1_58' title='bbox 159 1340 226 1418; x_wconf 86' lang='lat' dir='ltr'>quia</span> <span class='ocrx_word' id='word_1_59' title='bbox 236 1339 369 1417; x_wconf 80' lang='lat' dir='ltr'>perpetuo</span> <span class='ocrx_word' id='word_1_60' title='bbox 380 1343 411 1395; x_wconf 86' lang='lat' dir='ltr'>et</span> <span class='ocrx_word' id='word_1_61' title='bbox 423 1335 506 1416; x_wconf 73' lang='lat' dir='ltr'>pleni</span> <span class='ocrx_word' id='word_1_62' title='bbox 515 1345 850 1417; x_wconf 86' lang='lat' dir='ltr'>ementescomparantur</span> <span class='ocrx_word' id='word_1_63' title='bbox 859 1335 951 1396; x_wconf 59' lang='lat' dir='ltr'>insen«</span> 
     </span>
     <span class='ocr_line' id='line_1_11' title="bbox 44 1416 678 1499; baseline -0.005 -20"><span class='ocrx_word' id='word_1_64' title='bbox 44 1419 108 1487; x_wconf 70' lang='lat' dir='ltr'>ibus,</span> <span class='ocrx_word' id='word_1_65' title='bbox 120 1420 151 1478; x_wconf 94' lang='lat' dir='ltr'>in</span> <span class='ocrx_word' id='word_1_66' title='bbox 165 1418 265 1499; x_wconf 87' lang='lat' dir='ltr'>quibus</span> <span class='ocrx_word' id='word_1_67' title='bbox 278 1417 357 1477; x_wconf 90' lang='lat' dir='ltr'>nulla</span> <span class='ocrx_word' id='word_1_68' title='bbox 369 1419 514 1496; x_wconf 77' lang='lat' dir='ltr'>requiritur</span> <span class='ocrx_word' id='word_1_69' title='bbox 526 1416 678 1496; x_wconf 82' lang='lat' dir='ltr'>dispositio.</span> 
     </span>
    </p>

    <p class='ocr_par' dir='ltr' id='par_1_6' title="bbox 44 1497 956 1723">
     <span class='ocr_line' id='line_1_12' title="bbox 62 1497 949 1580; baseline -0.006 -17"><span class='ocrx_word' id='word_1_70' title='bbox 62 1500 192 1563; x_wconf 73' lang='lat' dir='ltr'>Ulterius</span> <span class='ocrx_word' id='word_1_71' title='bbox 203 1498 367 1569; x_wconf 87' lang='lat' dir='ltr'>notandum,</span> <span class='ocrx_word' id='word_1_72' title='bbox 381 1498 456 1578; x_wconf 81' lang='lat' dir='ltr'>quod</span> <span class='ocrx_word' id='word_1_73' title='bbox 469 1501 497 1558; x_wconf 89' lang='lat' dir='ltr'><em>io</em></span> <span class='ocrx_word' id='word_1_74' title='bbox 512 1498 613 1558; x_wconf 86' lang='lat' dir='ltr'>adultis</span> <span class='ocrx_word' id='word_1_75' title='bbox 626 1498 681 1557; x_wconf 84' lang='lat' dir='ltr'>alia</span> <span class='ocrx_word' id='word_1_76' title='bbox 693 1499 844 1578; x_wconf 70' lang='lat' dir='ltr'>requiratur</span> <span class='ocrx_word' id='word_1_77' title='bbox 857 1497 949 1580; x_wconf 86' lang='lat' dir='ltr'>dispo·</span> 
     </span>
     <span class='ocr_line' id='line_1_13' title="bbox 44 1572 956 1660; baseline 0.001 -21"><span class='ocrx_word' id='word_1_78' title='bbox 44 1582 88 1643; x_wconf 84' lang='lat' dir='ltr'>¹tio</span> <span class='ocrx_word' id='word_1_79' title='bbox 101 1580 141 1641; x_wconf 88' lang='lat' dir='ltr'>ad</span> <span class='ocrx_word' id='word_1_80' title='bbox 153 1580 273 1642; x_wconf 85' lang='lat' dir='ltr'>valorem</span> <span class='ocrx_word' id='word_1_81' title='bbox 292 1572 440 1659; x_wconf 65' lang='lat' dir='ltr'>Raptam,</span> <span class='ocrx_word' id='word_1_82' title='bbox 460 1579 518 1638; x_wconf 86' lang='lat' dir='ltr'>alia</span> <span class='ocrx_word' id='word_1_83' title='bbox 534 1578 571 1639; x_wconf 86' lang='lat' dir='ltr'>ad</span> <span class='ocrx_word' id='word_1_84' title='bbox 584 1580 793 1660; x_wconf 79' lang='lat' dir='ltr'>suscipiendum</span> <span class='ocrx_word' id='word_1_85' title='bbox 806 1579 898 1641; x_wconf 77' lang='lat' dir='ltr'>validi</span> <span class='ocrx_word' id='word_1_86' title='bbox 909 1588 956 1640; x_wconf 85' lang='lat' dir='ltr'>&#39;et-</span> 
     </span>
     <span class='ocr_line' id='line_1_14' title="bbox 44 1663 548 1723; baseline -0.002 0"><span class='ocrx_word' id='word_1_87' title='bbox 44 1663 178 1723; x_wconf 75' lang='lat' dir='ltr'>notuosi.</span> <span class='ocrx_word' id='word_1_88' title='bbox 545 1718 548 1722; x_wconf 85' lang='lat'><em>.</em></span> 
     </span>
    </p>

    <p class='ocr_par' dir='ltr' id='par_1_7' title="bbox 44 1740 947 1887">
     <span class='ocr_line' id='line_1_15' title="bbox 62 1740 947 1822; baseline -0.002 -22"><span class='ocrx_word' id='word_1_89' title='bbox 62 1743 212 1815; x_wconf 77' lang='lat' dir='ltr'>Quaenam</span> <span class='ocrx_word' id='word_1_90' title='bbox 229 1743 373 1820; x_wconf 83' lang='lat' dir='ltr'>requiritur</span> <span class='ocrx_word' id='word_1_91' title='bbox 384 1743 413 1801; x_wconf 92' lang='lat' dir='ltr'>in</span> <span class='ocrx_word' id='word_1_92' title='bbox 431 1740 528 1803; x_wconf 84' lang='lat' dir='ltr'>adulto</span> <span class='ocrx_word' id='word_1_93' title='bbox 540 1740 678 1822; x_wconf 82' lang='lat' dir='ltr'><em>dispositio</em></span> <span class='ocrx_word' id='word_1_94' title='bbox 690 1740 726 1802; x_wconf 87' lang='lat' dir='ltr'>ad</span> <span class='ocrx_word' id='word_1_95' title='bbox 738 1740 859 1801; x_wconf 87' lang='lat' dir='ltr'>valorem</span> <span class='ocrx_word' id='word_1_96' title='bbox 873 1741 947 1821; x_wconf 85' lang='lat' dir='ltr'>Bap-</span> 
     </span>
     <span class='ocr_line' id='line_1_16' title="bbox 44 1822 120 1887; baseline -0.053 0"><span class='ocrx_word' id='word_1_97' title='bbox 44 1822 120 1887; x_wconf 75' lang='lat' dir='ltr'>cmii</span> 
     </span>
    </p>

    <p class='ocr_par' dir='ltr' id='par_1_8' title="bbox 44 1890 951 2143">
     <span class='ocr_line' id='line_1_17' title="bbox 63 1890 951 1984; baseline -0.005 -19"><span class='ocrx_word' id='word_1_98' title='bbox 63 1904 107 1965; x_wconf 90' lang='lat'>11.</span> <span class='ocrx_word' id='word_1_99' title='bbox 123 1904 162 1967; x_wconf 74' lang='lat' dir='ltr'>lt.</span> <span class='ocrx_word' id='word_1_100' title='bbox 178 1903 340 1984; x_wconf 85' lang='lat' dir='ltr'>Requiritur</span> <span class='ocrx_word' id='word_1_101' title='bbox 358 1910 387 1962; x_wconf 87' lang='lat' dir='ltr'>et</span> <span class='ocrx_word' id='word_1_102' title='bbox 400 1900 504 1963; x_wconf 87' lang='lat' dir='ltr'>suffieit</span> <span class='ocrx_word' id='word_1_103' title='bbox 516 1905 643 1978; x_wconf 89' lang='lat' dir='ltr'>intentio,</span> <span class='ocrx_word' id='word_1_104' title='bbox 661 1924 711 1963; x_wconf 91' lang='lat' dir='ltr'>seu</span> <span class='ocrx_word' id='word_1_105' title='bbox 723 1904 847 1965; x_wconf 81' lang='lat' dir='ltr'>voluntas</span> <span class='ocrx_word' id='word_1_106' title='bbox 859 1890 951 1962; x_wconf 44' lang='lat' dir='ltr'>susci?</span> 
     </span>
     <span class='ocr_line' id='line_1_18' title="bbox 44 1984 946 2064; baseline -0.003 -19"><span class='ocrx_word' id='word_1_107' title='bbox 44 1985 120 2046; x_wconf 89' lang='lat' dir='ltr'>iendi</span> <span class='ocrx_word' id='word_1_108' title='bbox 143 1986 369 2052; x_wconf 80' lang='lat' dir='ltr'>Sacramentum,</span> <span class='ocrx_word' id='word_1_109' title='bbox 391 1986 496 2044; x_wconf 89' lang='lat' dir='ltr'>scilicet</span> <span class='ocrx_word' id='word_1_110' title='bbox 517 1987 636 2064; x_wconf 88' lang='lat' dir='ltr'>positiva</span> <span class='ocrx_word' id='word_1_111' title='bbox 658 1994 689 2045; x_wconf 88' lang='lat' dir='ltr'>et</span> <span class='ocrx_word' id='word_1_112' title='bbox 709 1987 826 2045; x_wconf 85' lang='lat' dir='ltr'>interne.</span> <span class='ocrx_word' id='word_1_113' title='bbox 868 1984 946 2044; x_wconf 86' lang='lat' dir='ltr'>Vide</span> 
     </span>
     <span class='ocr_line' id='line_1_19' title="bbox 44 2065 715 2143; baseline -0.004 -17"><span class='ocrx_word' id='word_1_114' title='bbox 44 2086 102 2127; x_wconf 89' lang='lat' dir='ltr'>um.</span> <span class='ocrx_word' id='word_1_115' title='bbox 115 2067 167 2126; x_wconf 77' lang='grc'>45.</span> <span class='ocrx_word' id='word_1_116' title='bbox 182 2067 219 2125; x_wconf 88' lang='lat' dir='ltr'>de</span> <span class='ocrx_word' id='word_1_117' title='bbox 232 2065 434 2126; x_wconf 78' lang='lat' dir='ltr'>Sorroneentis</span> <span class='ocrx_word' id='word_1_118' title='bbox 446 2070 477 2125; x_wconf 85' lang='lat' dir='ltr'>in</span> <span class='ocrx_word' id='word_1_119' title='bbox 490 2085 610 2143; x_wconf 83' lang='lat' dir='ltr'>genere.</span> <span class='ocrx_word' id='word_1_120' title='bbox 710 2068 715 2079; x_wconf 80' lang='grc'><strong>“</strong></span> 
     </span>
    </p>

    <p class='ocr_par' dir='ltr' id='par_1_9' title="bbox 62 2147 945 2226">
     <span class='ocr_line' id='line_1_20' title="bbox 62 2147 945 2226; baseline 0.001 -20"><span class='ocrx_word' id='word_1_121' title='bbox 62 2148 204 2219; x_wconf 75' lang='lat' dir='ltr'>Quaenam</span> <span class='ocrx_word' id='word_1_122' title='bbox 218 2148 364 2225; x_wconf 82' lang='lat' dir='ltr'>requiritur</span> <span class='ocrx_word' id='word_1_123' title='bbox 375 2147 411 2206; x_wconf 89' lang='lat' dir='ltr'>ed</span> <span class='ocrx_word' id='word_1_124' title='bbox 425 2147 594 2207; x_wconf 86' lang='lat' dir='ltr'>fructuosam</span> <span class='ocrx_word' id='word_1_125' title='bbox 606 2147 689 2226; x_wconf 90' lang='lat' dir='ltr'>hujus</span> <span class='ocrx_word' id='word_1_126' title='bbox 699 2147 872 2207; x_wconf 87' lang='lat' dir='ltr'>Sacramenti</span> <span class='ocrx_word' id='word_1_127' title='bbox 885 2168 945 2207; x_wconf 89' lang='lat' dir='ltr'>sus-</span> 
     </span>
    </p>

    <p class='ocr_par' dir='ltr' id='par_1_10' title="bbox 44 2227 946 2699">
     <span class='ocr_line' id='line_1_21' title="bbox 89 2227 206 2289; baseline -0.009 0"><span class='ocrx_word' id='word_1_128' title='bbox 89 2227 206 2289; x_wconf 80' lang='lat' dir='ltr'>&#39;oncmi</span> 
     </span>
     <span class='ocr_line' id='line_1_22' title="bbox 44 2236 946 2383; baseline -0.002 -14"><span class='ocrx_word' id='word_1_129' title='bbox 44 2236 123 2369; x_wconf 66' lang='lat' dir='ltr'>³qu</span> <span class='ocrx_word' id='word_1_130' title='bbox 141 2309 190 2368; x_wconf 88' lang='lat' dir='ltr'>R.·</span> <span class='ocrx_word' id='word_1_131' title='bbox 203 2307 286 2367; x_wconf 88' lang='lat' dir='ltr'>Illam</span> <span class='ocrx_word' id='word_1_132' title='bbox 299 2307 358 2367; x_wconf 71' lang='lat' dir='ltr'>lete</span> <span class='ocrx_word' id='word_1_133' title='bbox 372 2305 507 2366; x_wconf 71' lang='lat' dir='ltr'>describit</span> <span class='ocrx_word' id='word_1_134' title='bbox 520 2307 608 2368; x_wconf 88' lang='lat' dir='ltr'>Cone.</span> <span class='ocrx_word' id='word_1_135' title='bbox 623 2308 704 2369; x_wconf 86' lang='lat' dir='ltr'>Trid.</span> <span class='ocrx_word' id='word_1_136' title='bbox 718 2310 782 2370; x_wconf 86' lang='lat' dir='ltr'>loco</span> <span class='ocrx_word' id='word_1_137' title='bbox 796 2311 892 2383; x_wconf 88' lang='lat' dir='ltr'>citato,</span> <span class='ocrx_word' id='word_1_138' title='bbox 913 2317 946 2368; x_wconf 91' lang='lat' dir='ltr'>ut</span> 
     </span>
     <span class='ocr_line' id='line_1_23' title="bbox 44 2387 945 2470; baseline -0.002 -20"><span class='ocrx_word' id='word_1_139' title='bbox 44 2389 115 2451; x_wconf 88' lang='lat' dir='ltr'>idere</span> <span class='ocrx_word' id='word_1_140' title='bbox 130 2399 193 2449; x_wconf 88' lang='lat' dir='ltr'>est:</span> <span class='ocrx_word' id='word_1_141' title='bbox 214 2389 375 2447; x_wconf 88' lang='lat' dir='ltr'>summatim</span> <span class='ocrx_word' id='word_1_142' title='bbox 398 2387 513 2447; x_wconf 89' lang='lat' dir='ltr'>dicimus</span> <span class='ocrx_word' id='word_1_143' title='bbox 527 2410 564 2447; x_wconf 89' lang='lat' dir='ltr'>ex</span> <span class='ocrx_word' id='word_1_144' title='bbox 583 2410 618 2449; x_wconf 91' lang='lat' dir='ltr'>eo</span> <span class='ocrx_word' id='word_1_145' title='bbox 631 2393 732 2470; x_wconf 87' lang='lat' dir='ltr'>requiri</span> <span class='ocrx_word' id='word_1_146' title='bbox 745 2399 850 2450; x_wconf 90' lang='lat' dir='ltr'>motum</span> <span class='ocrx_word' id='word_1_147' title='bbox 867 2392 945 2450; x_wconf 85' lang='lat' dir='ltr'>Divi·</span> 
     </span>
     <span class='ocr_line' id='line_1_24' title="bbox 45 2467 945 2552; baseline 0 -23"><span class='ocrx_word' id='word_1_148' title='bbox 45 2490 67 2529; x_wconf 81' lang='lat' dir='ltr'><strong>ae</strong></span> <span class='ocrx_word' id='word_1_149' title='bbox 81 2470 199 2544; x_wconf 78' lang='lat' dir='ltr'>Gratia,</span> <span class='ocrx_word' id='word_1_150' title='bbox 216 2480 311 2528; x_wconf 86' lang='lat' dir='ltr'>notum</span> <span class='ocrx_word' id='word_1_151' title='bbox 324 2467 399 2540; x_wconf 89' lang='lat' dir='ltr'>fidei,</span> <span class='ocrx_word' id='word_1_152' title='bbox 420 2472 480 2549; x_wconf 88' lang='lat' dir='ltr'>spei</span> <span class='ocrx_word' id='word_1_153' title='bbox 494 2480 523 2528; x_wconf 91' lang='lat' dir='ltr'>et</span> <span class='ocrx_word' id='word_1_154' title='bbox 535 2473 646 2545; x_wconf 86' lang='lat' dir='ltr'>amoris,</span> <span class='ocrx_word' id='word_1_155' title='bbox 661 2493 694 2530; x_wconf 91' lang='lat' dir='ltr'>ac</span> <span class='ocrx_word' id='word_1_156' title='bbox 708 2474 880 2552; x_wconf 82' lang='lat' dir='ltr'>poenitentia</span> <span class='ocrx_word' id='word_1_157' title='bbox 894 2491 945 2530; x_wconf 88' lang='lat' dir='ltr'>seu</span> 
     </span>
     <span class='ocr_line' id='line_1_25' title="bbox 44 2553 944 2622; baseline 0.001 -11"><span class='ocrx_word' id='word_1_158' title='bbox 44 2554 214 2622; x_wconf 81' lang='lat' dir='ltr'>miritionis3</span> <span class='ocrx_word' id='word_1_159' title='bbox 236 2559 324 2610; x_wconf 83' lang='lat' dir='ltr'>motus</span> <span class='ocrx_word' id='word_1_160' title='bbox 337 2559 430 2608; x_wconf 85' lang='lat' dir='ltr'>autem</span> <span class='ocrx_word' id='word_1_161' title='bbox 444 2553 550 2611; x_wconf 88' lang='lat' dir='ltr'>timoris</span> <span class='ocrx_word' id='word_1_162' title='bbox 563 2573 619 2611; x_wconf 91' lang='lat' dir='ltr'>non</span> <span class='ocrx_word' id='word_1_163' title='bbox 633 2555 867 2620; x_wconf 72' lang='lat' dir='ltr'>est&#39;necessariua</span> <span class='ocrx_word' id='word_1_164' title='bbox 877 2553 944 2612; x_wconf 78' lang='lat' dir='ltr'>oium</span> 
     </span>
     <span class='ocr_line' id='line_1_26' title="bbox 44 2630 900 2699; baseline -0.004 -8"><span class='ocrx_word' id='word_1_165' title='bbox 44 2632 222 2693; x_wconf 74' lang='lat' dir='ltr'>tridentinum</span> <span class='ocrx_word' id='word_1_166' title='bbox 237 2631 327 2691; x_wconf 82' lang='lat' dir='ltr'>solum</span> <span class='ocrx_word' id='word_1_167' title='bbox 340 2630 433 2690; x_wconf 89' lang='lat' dir='ltr'>dicat:</span> <span class='ocrx_word' id='word_1_168' title='bbox 457 2632 524 2699; x_wconf 85' lang='lat' dir='ltr'>Quo</span> <span class='ocrx_word' id='word_1_169' title='bbox 537 2632 649 2693; x_wconf 82' lang='lat' dir='ltr'>utiliter</span> <span class='ocrx_word' id='word_1_170' title='bbox 661 2638 878 2693; x_wconf 84' lang='lat' dir='ltr'>concutiuntur.</span> <span class='ocrx_word' id='word_1_171' title='bbox 896 2682 900 2688; x_wconf 89' lang='lat'><strong><em>.</em></strong></span> 
     </span>
    </p>

    <p class='ocr_par' dir='ltr' id='par_1_11' title="bbox 66 2712 863 2785">
     <span class='ocr_line' id='line_1_27' title="bbox 66 2712 863 2785; baseline -0.003 -12"><span class='ocrx_word' id='word_1_172' title='bbox 66 2714 165 2785; x_wconf 76' lang='lat' dir='ltr'>Qualis</span> <span class='ocrx_word' id='word_1_173' title='bbox 180 2713 263 2772; x_wconf 89' lang='lat' dir='ltr'>debet</span> <span class='ocrx_word' id='word_1_174' title='bbox 276 2731 335 2770; x_wconf 90' lang='lat' dir='ltr'>esse</span> <span class='ocrx_word' id='word_1_175' title='bbox 347 2712 394 2770; x_wconf 86' lang='lat' dir='ltr'>iile</span> <span class='ocrx_word' id='word_1_176' title='bbox 407 2719 486 2772; x_wconf 87' lang='lat' dir='ltr'>aetus</span> <span class='ocrx_word' id='word_1_177' title='bbox 499 2715 600 2776; x_wconf 87' lang='lat' dir='ltr'>amoris</span> <span class='ocrx_word' id='word_1_178' title='bbox 612 2735 659 2773; x_wconf 85' lang='lat' dir='ltr'>seu</span> <span class='ocrx_word' id='word_1_179' title='bbox 673 2716 863 2775; x_wconf 80' lang='lat' dir='ltr'>contritionis?</span> 
     </span>
    </p>

    <p class='ocr_par' dir='ltr' id='par_1_12' title="bbox 44 2793 959 3111">
     <span class='ocr_line' id='line_1_28' title="bbox 67 2793 946 2875; baseline -0.001 -18"><span class='ocrx_word' id='word_1_180' title='bbox 67 2795 103 2857; x_wconf 76' lang='lat' dir='ltr'>R.</span> <span class='ocrx_word' id='word_1_181' title='bbox 115 2796 144 2854; x_wconf 90' lang='lat' dir='ltr'>N</span> <span class='ocrx_word' id='word_1_182' title='bbox 147 2816 183 2854; x_wconf 92' lang='lat' dir='ltr'>on</span> <span class='ocrx_word' id='word_1_183' title='bbox 198 2793 282 2852; x_wconf 89' lang='lat' dir='ltr'>debet</span> <span class='ocrx_word' id='word_1_184' title='bbox 295 2813 356 2850; x_wconf 88' lang='lat' dir='ltr'>esse</span> <span class='ocrx_word' id='word_1_185' title='bbox 369 2793 499 2866; x_wconf 83' lang='lat' dir='ltr'>charites,</span> <span class='ocrx_word' id='word_1_186' title='bbox 512 2798 569 2855; x_wconf 81' lang='lat' dir='ltr'>sive</span> <span class='ocrx_word' id='word_1_187' title='bbox 583 2799 711 2855; x_wconf 87' lang='lat' dir='ltr'>contritio</span> <span class='ocrx_word' id='word_1_188' title='bbox 720 2797 857 2875; x_wconf 86' lang='lat' dir='ltr'>perfecta:</span> <span class='ocrx_word' id='word_1_189' title='bbox 880 2799 946 2874; x_wconf 86' lang='lat' dir='ltr'>quio</span> 
     </span>
     <span class='ocr_line' id='line_1_29' title="bbox 44 2873 959 2954; baseline 0.003 -19"><span class='ocrx_word' id='word_1_190' title='bbox 44 2895 86 2954; x_wconf 86' lang='lat' dir='ltr'>up.</span> <span class='ocrx_word' id='word_1_191' title='bbox 100 2895 160 2954; x_wconf 87' lang='lat' dir='ltr'>seq.</span> <span class='ocrx_word' id='word_1_192' title='bbox 175 2875 243 2934; x_wconf 85' lang='lat' dir='ltr'>dicit</span> <span class='ocrx_word' id='word_1_193' title='bbox 255 2873 330 2933; x_wconf 91' lang='lat' dir='ltr'>idern</span> <span class='ocrx_word' id='word_1_194' title='bbox 345 2873 521 2936; x_wconf 83' lang='lat' dir='ltr'>Concilium:</span> <span class='ocrx_word' id='word_1_195' title='bbox 545 2876 636 2936; x_wconf 87' lang='lat' dir='ltr'>Hono</span> <span class='ocrx_word' id='word_1_196' title='bbox 650 2878 871 2954; x_wconf 71' lang='lat' dir='ltr'>dispositionem</span> <span class='ocrx_word' id='word_1_197' title='bbox 889 2898 959 2938; x_wconf 82' lang='lat' dir='ltr'>oen·</span> 
     </span>
     <span class='ocr_line' id='line_1_30' title="bbox 44 2954 946 3041; baseline 0.006 -27"><span class='ocrx_word' id='word_1_198' title='bbox 44 2954 456 3037; x_wconf 70' lang='lat' dir='ltr'>treporotr&#39;onemjnotfflootio</span> <span class='ocrx_word' id='word_1_199' title='bbox 477 2961 543 3036; x_wconf 60' lang='lat' dir='ltr'>onon</span> <span class='ocrx_word' id='word_1_200' title='bbox 562 2961 754 3034; x_wconf 81' lang='lat' dir='ltr'>consequitur,</span> <span class='ocrx_word' id='word_1_201' title='bbox 775 2979 877 3041; x_wconf 86' lang='lat' dir='ltr'>nempe</span> <span class='ocrx_word' id='word_1_202' title='bbox 898 2981 946 3041; x_wconf 89' lang='lat' dir='ltr'>per</span> 
     </span>
     <span class='ocr_line' id='line_1_31' title="bbox 44 3038 209 3111; baseline -0.018 -13"><span class='ocrx_word' id='word_1_203' title='bbox 44 3038 209 3111; x_wconf 60' lang='lat' dir='ltr'>eudemum.</span> 
     </span>
    </p>

    <p class='ocr_par' dir='ltr' id='par_1_13' title="bbox 44 3117 949 3441">
     <span class='ocr_line' id='line_1_32' title="bbox 67 3117 946 3198; baseline 0.002 -19"><span class='ocrx_word' id='word_1_204' title='bbox 67 3119 396 3198; x_wconf 76' lang='lat' dir='ltr'>1V.Requoiturergo‚</span> <span class='ocrx_word' id='word_1_205' title='bbox 415 3125 446 3177; x_wconf 86' lang='lat' dir='ltr'>et</span> <span class='ocrx_word' id='word_1_206' title='bbox 465 3117 570 3177; x_wconf 87' lang='lat' dir='ltr'>sufficit</span> <span class='ocrx_word' id='word_1_207' title='bbox 588 3119 716 3192; x_wconf 87' lang='lat' dir='ltr'>charitas,</span> <span class='ocrx_word' id='word_1_208' title='bbox 737 3123 795 3181; x_wconf 87' lang='lat' dir='ltr'>sive</span> <span class='ocrx_word' id='word_1_209' title='bbox 815 3124 946 3181; x_wconf 88' lang='lat' dir='ltr'>contritio</span> 
     </span>
     <span class='ocr_line' id='line_1_33' title="bbox 44 3198 948 3283; baseline 0.002 -24"><span class='ocrx_word' id='word_1_210' title='bbox 44 3198 202 3280; x_wconf 85' lang='lat' dir='ltr'>mperfecte;</span> <span class='ocrx_word' id='word_1_211' title='bbox 225 3200 274 3259; x_wconf 87' lang='lat' dir='ltr'>illa</span> <span class='ocrx_word' id='word_1_212' title='bbox 294 3208 390 3260; x_wconf 86' lang='lat' dir='ltr'>autem</span> <span class='ocrx_word' id='word_1_213' title='bbox 411 3200 567 3258; x_wconf 82' lang='lat' dir='ltr'>secundirm</span> <span class='ocrx_word' id='word_1_214' title='bbox 592 3201 775 3263; x_wconf 83' lang='lat' dir='ltr'>Lovanieoses</span> <span class='ocrx_word' id='word_1_215' title='bbox 797 3202 948 3283; x_wconf 89' lang='lat' dir='ltr'>procedere</span> 
     </span>
     <span class='ocr_line' id='line_1_34' title="bbox 44 3279 949 3359; baseline 0.008 -22"><span class='ocrx_word' id='word_1_216' title='bbox 44 3279 110 3351; x_wconf 79' lang='lat' dir='ltr'>tebet</span> <span class='ocrx_word' id='word_1_217' title='bbox 123 3302 163 3340; x_wconf 85' lang='lat' dir='ltr'>ex</span> <span class='ocrx_word' id='word_1_218' title='bbox 177 3280 272 3359; x_wconf 82' lang='lat' dir='ltr'>aliquo</span> <span class='ocrx_word' id='word_1_219' title='bbox 286 3300 381 3338; x_wconf 87' lang='lat' dir='ltr'>amore</span> <span class='ocrx_word' id='word_1_220' title='bbox 397 3281 453 3343; x_wconf 82' lang='lat' dir='ltr'>Dei</span> <span class='ocrx_word' id='word_1_221' title='bbox 466 3281 608 3343; x_wconf 83' lang='lat' dir='ltr'>benevolo.</span> <span class='ocrx_word' id='word_1_222' title='bbox 665 3283 739 3342; x_wconf 88' lang='lat' dir='ltr'>Vide</span> <span class='ocrx_word' id='word_1_223' title='bbox 753 3284 783 3341; x_wconf 86' lang='lat' dir='ltr'>N</span> <span class='ocrx_word' id='word_1_224' title='bbox 786 3303 841 3342; x_wconf 92' lang='lat' dir='ltr'>um.</span> <span class='ocrx_word' id='word_1_225' title='bbox 857 3282 904 3342; x_wconf 83' lang='lat'>52.</span> <span class='ocrx_word' id='word_1_226' title='bbox 920 3290 949 3344; x_wconf 82' lang='lat' dir='ltr'>et</span> 
     </span>
     <span class='ocr_line' id='line_1_35' title="bbox 44 3362 729 3441; baseline 0 -20"><span class='ocrx_word' id='word_1_227' title='bbox 44 3365 126 3441; x_wconf 55' lang='lat' dir='ltr'>eq.;in</span> <span class='ocrx_word' id='word_1_228' title='bbox 141 3363 281 3421; x_wconf 79' lang='lat' dir='ltr'>Tractatu</span> <span class='ocrx_word' id='word_1_229' title='bbox 295 3364 329 3421; x_wconf 82' lang='lat' dir='ltr'>de</span> <span class='ocrx_word' id='word_1_230' title='bbox 344 3363 531 3425; x_wconf 75' lang='lat' dir='ltr'>Sacronrento</span> <span class='ocrx_word' id='word_1_231' title='bbox 545 3362 729 3425; x_wconf 80' lang='lat' dir='ltr'>Poenitentie.</span> 
     </span>
    </p>

    <p class='ocr_par' dir='ltr' id='par_1_14' title="bbox 44 3442 965 3604">
     <span class='ocr_line' id='line_1_36' title="bbox 70 3442 965 3522; baseline 0.006 -21"><span class='ocrx_word' id='word_1_232' title='bbox 70 3445 112 3501; x_wconf 88' lang='lat' dir='ltr'>An</span> <span class='ocrx_word' id='word_1_233' title='bbox 136 3443 202 3503; x_wconf 85' lang='lat' dir='ltr'>talis</span> <span class='ocrx_word' id='word_1_234' title='bbox 215 3442 327 3502; x_wconf 89' lang='lat' dir='ltr'>adultus</span> <span class='ocrx_word' id='word_1_235' title='bbox 339 3442 526 3522; x_wconf 75' lang='lat' dir='ltr'>baptizandus</span> <span class='ocrx_word' id='word_1_236' title='bbox 541 3443 623 3506; x_wconf 89' lang='lat' dir='ltr'>debet</span> <span class='ocrx_word' id='word_1_237' title='bbox 637 3448 722 3506; x_wconf 82' lang='lat' dir='ltr'>etiam</span> <span class='ocrx_word' id='word_1_238' title='bbox 737 3444 838 3506; x_wconf 86' lang='lat' dir='ltr'>hebere</span> <span class='ocrx_word' id='word_1_239' title='bbox 850 3449 965 3517; x_wconf 85' lang='lat' dir='ltr'>coutri-¹</span> 
     </span>
     <span class='ocr_line' id='line_1_37' title="bbox 44 3524 491 3604; baseline 0.002 -22"><span class='ocrx_word' id='word_1_240' title='bbox 44 3524 180 3585; x_wconf 78' lang='lat' dir='ltr'>‚ionem-de</span> <span class='ocrx_word' id='word_1_241' title='bbox 194 3531 309 3604; x_wconf 83' lang='lat' dir='ltr'>peccato</span> <span class='ocrx_word' id='word_1_242' title='bbox 322 3524 468 3604; x_wconf 81' lang='lat' dir='ltr'>originali?</span> <span class='ocrx_word' id='word_1_243' title='bbox 488 3538 491 3542; x_wconf 86' lang='grc'><em>·</em></span> 
     </span>
    </p>
   </div>
   <div class='ocr_carea' id='block_1_6' title="bbox 483 3664 660 3767">
    <p class='ocr_par' dir='ltr' id='par_1_15' title="bbox 483 3664 660 3767">
     <span class='ocr_line' id='line_1_38' title="bbox 483 3664 660 3767; baseline -0.028 -35"><span class='ocrx_word' id='word_1_244' title='bbox 483 3664 660 3767; x_wconf 27' lang='grc'>93,</span> 
     </span>
    </p>
   </div>
   <div class='ocr_carea' id='block_1_7' title="bbox 0 0 1070 3990">
    <p class='ocr_par' dir='ltr' id='par_1_16' title="bbox 0 0 1070 3990">
     <span class='ocr_line' id='line_1_39' title="bbox 0 0 1070 3990; baseline 0 0"><span class='ocrx_word' id='word_1_245' title='bbox 0 0 1070 3990; x_wconf 95' lang='lat' dir='ltr'> </span> 
     </span>
    </p>
   </div>
  </div>
 </body>
</html>
