2130 3990
267 170 311 213 ou
331 167 545 215 memneris
563 168 599 211 rrr
620 166 758 212 nausea.
924 122 986 214 139
1044 144 1047 149 ’

53 313 352 387 axuauecssaitatem,
371 315 428 374 nisi
447 312 515 373 dum
529 315 629 373 maudo
642 316 785 393 computes
798 318 878 372 suot:
899 325 981 394 prout

55 394 188 475 apresed
208 394 394 475 praescnbunt
406 394 534 457 Ritualia
546 393 582 455 de
595 395 741 475 Baptismo
753 391 853 453 talium
867 393 977 456 adulto·

55 490 124 533 rum.

87 554 233 627 Quanam
245 574 313 635 argo
325 558 356 616 in
369 557 543 636 suscipiente
552 556 697 637 requiritur
718 553 866 637 dispositio
879 555 916 616 ad
929 577 975 617 va.

55 632 138 695 lmus
152 634 354 697 Sucrameuti?

89 714 133 775 ΙΙ.
150 716 192 775 R.
205 716 346 796 Imprimis
353 718 383 778 in
392 718 559 797 suscipiente
567 715 776 778 Sacramentum
789 716 975 781 Errcharistiae

52 796 196 875 requiritur
208 798 335 859 voluutas
347 798 505 878 recipiendi
520 797 575 859 hoc
590 799 806 858 Sacramentum
820 801 848 856 in
870 798 972 860 ordino

51 872 86 935 ad
103 876 169 956 ejus
190 874 333 950 effaetum,
355 899 411 938 nou
426 886 521 937 autem
534 878 570 938 ad
583 882 722 939 valorem:
743 878 889 958 quiscum
902 901 970 941 con·

48 958 128 1017 nter
138 960 170 1017 iu
184 978 213 1019 ra
226 966 413 1039 permanente,
433 958 652 1039 independenter
674 961 694 1019 ei
709 961 805 1039 quavis
816 961 970 1021 intentione

48 1048 174 1099 manet
185 1040 400 1099 Sacramentum
415 1040 469 1098 :in
480 1040 646 1099 aliiaautam
667 1039 856 1099 Sacrameutia
873 1060 969 1100 ueces-

48 1120 122 1179 raria
132 1131 178 1181 est
188 1122 307 1180 iuteutio
318 1123 427 1181 iuterna
438 1119 605 1180 adualorem
620 1120 810 1179 Sacramenti:
825 1119 882 1180 ΙΙΙ.
896 1125 969 1184 ratio

48 1198 158 1280 ipriori
167 1210 212 1260 ast
219 1201 347 1263 voluutas
355 1201 469 1274 Christi,
476 1220 540 1281 quae
550 1201 631 1261 uobis
640 1202 788 1261 innotescit
795 1219 833 1260 ex
843 1200 968 1263 doctum

48 1285 73 1339 rt
83 1282 172 1360 praxi
184 1282 331 1356 Ecclesia,
348 1286 547 1362 communique
569 1282 724 1344 Doctonrm
735 1284 880 1343 sonantia.
920 1283 969 1342 Ite

48 1363 247 1439 particulariter
257 1365 292 1423 de
305 1364 457 1444 Bupla'em
470 1364 502 1423 S.
516 1364 576 1423 Th.
590 1362 663 1423 infra
675 1370 771 1441 quast.
783 1360 832 1423 68.
844 1371 895 1423 art
910 1365 939 1424 7.

82 1442 144 1505 IV.
159 1443 260 1523 ltaque
271 1446 388 1505 intentio
395 1464 445 1503 seu
454 1444 582 1505 voluutas
591 1444 722 1505 neutralia
731 1462 783 1504 uso
792 1446 968 1505 mancatione

48 1541 97 1585 aaa
109 1523 286 1600 mtrem,
302 1532 333 1585 et
345 1528 363 1584 ri
374 1524 477 1586 fortiori
489 1526 615 1587 voluutas
627 1525 766 1586 reluctans
778 1544 835 1585 uon
849 1523 965 1597 sufficit;

48 1602 93 1665 rad
113 1608 263 1686 requiritur
285 1605 380 1685 eliqua
399 1608 524 1668 voluutas
547 1607 671 1687 positiva,
689 1624 748 1680 seu,
767 1613 801 1665 ut
815 1606 966 1686 loquuntur

48 1684 179 1829 llitpalie,
198 1696 233 1747 ut
244 1687 360 1767 aliquod
373 1686 543 1767 suscipiendi
552 1689 727 1748 Sacrameuti
738 1684 908 1748 desiderium
920 1706 963 1749 oa·

48 1772 88 1827 teu
106 1769 172 1829 erit

80 1848 181 1921 Qualis
195 1848 281 1910 debet
292 1868 353 1909 asae
364 1850 418 1909 ieta
430 1849 567 1911 intentio?

82 1928 119 1989 a.
143 1931 187 1991 1⁰·
207 1934 239 1991 Si
249 1930 438 1992 consideretur
449 1951 487 1991 ex
498 1940 577 2009 parte
588 1930 702 2011 objecti,
724 1930 871 2011 requiritur
888 1930 961 2007 talis,

48 2010 131 2088 qualis
143 2021 188 2072 est
200 2015 227 2072 in
245 2013 374 2072 Ministro
387 2012 572 2072 Sacramenti.
627 2052 631 2065 ι

78 2093 118 2151 2⁶·
152 2096 183 2154 Si
210 2094 400 2154 consideretur
425 2113 463 2153 ex
487 2101 565 2174 parte
589 2091 705 2172 subjecti
729 2112 778 2152 seu
804 2094 960 2174 recipientis

48 2171 265 2250 mentum,
285 2196 340 2235 nou
360 2178 505 2252 requiritur
518 2176 547 2234 iu
561 2174 609 2235 illo
621 2175 737 2234 intentio
749 2172 876 2253 ejusdem
889 2176 958 2235 ecti-

48 2256 137 2327 rilatis,
158 2277 195 2315 ac
207 2258 236 2314 in
251 2257 389 2316 Ministro.

75 2334 113 2397 V.
128 2335 244 2397 Sufficit
255 2341 348 2417 itaque
354 2338 470 2397 intentio
481 2357 534 2396 non
546 2341 655 2395 tentum
666 2337 784 2397 actualis
791 2340 820 2396 et
827 2335 957 2407 vinculis,

48 2422 129 2479 rarum
143 2420 231 2479 etiam
244 2416 451 2498 quodammodo
460 2417 620 2487 habitualis,
632 2437 717 2496 quam
734 2416 959 2477 aliivocantlate

48 2498 193 2573 r'utrralem,
226 2521 260 2559 ea
285 2501 402 2574 scilieet,
435 2519 497 2577 quae
524 2497 656 2558 coincidit
680 2519 746 2558 cum
770 2497 875 2558 actuali
899 2518 956 2559 uon

48 2586 194 2651 rancura
225 2581 292 2640 licet
318 2582 378 2661 jam
408 2581 564 2649 virtualiter,
595 2580 705 2659 proprie
733 2599 789 2638 noo
819 2578 957 2660 perdurat.

48 2657 153 2723 bostat
172 2662 203 2722 id
223 2683 262 2721 ex
284 2663 363 2742 praxi
385 2662 520 2720 Ecclesiae
539 2660 754 2721 administrantis
774 2662 958 2721 Sacramenta

48 2745 229 2805 numantiam
242 2744 336 2823 lapsis,
357 2744 397 2801 vel
413 2743 493 2802 aliter
505 2763 556 2801 usu
570 2745 682 2802 rationis
695 2741 849 2811 destitutia;
871 2741 955 2802 mode

48 2820 170 2899 riuibil
189 2824 268 2884 aliud
292 2825 397 2900 obstet)
421 2823 572 2902 aliquando
596 2822 768 2881 Sacramenti
784 2822 960 2901 suscipiendi-

48 2902 199 2966 lesiden'um
211 2906 394 2978 ostenderint,
415 2908 498 2963 etiam
512 2904 603 2963 solium
623 2906 650 2962 in
673 2921 784 2982 genere,
804 2903 888 2982 quale
901 2902 953 2965 ha·

48 2994 110 3045 etur
123 3006 149 3045 u.
164 3007 192 3064 g.
207 2990 235 3047 iu
251 2989 308 3046 vita
321 2987 470 3047 christiane
482 2993 604 3065 peracta.

69 3064 127 3127 VI.
150 3069 183 3128 N
185 3077 266 3129 otant
282 3078 377 3128 mmen
401 3067 539 3145 Praingue
555 3076 584 3125 et
599 3064 729 3136 Billuart,
750 3064 836 3124 aliam
849 3068 952 3144 requiri

48 3146 202 3209 oluutatem
223 3150 259 3209 ed
284 3151 496 3208 Sacramentum
525 3148 709 3220 Poenitenriae,
730 3164 813 3224 quam
834 3146 870 3204 ad
894 3148 952 3205 alia

48 3232 230 3290 boramema:
245 3231 384 3308 quiscum
392 3239 474 3288 actus
484 3229 648 3288 Poenitentis
660 3229 714 3287 sint
725 3247 788 3306 pare
800 3225 951 3288 essentidis

49 3310 111 3388 ujus
126 3313 313 3385 Sacramenti‚
336 3313 377 3369 sic
391 3310 494 3369 debent
506 3310 658 3368 virtualiter
668 3326 828 3387 permanere
840 3314 869 3366 et
882 3327 949 3368 con·

48 3395 106 3469 rugi
129 3413 197 3453 cum
224 3394 312 3467 forma
336 3391 533 3450 absolutionis:
569 3390 644 3463 hinc,
664 3390 798 3466 inquiunt,
821 3393 948 3464 quamvis

48 3473 211 3551 aptizaudus
224 3473 304 3541 foret,
326 3476 373 3551 qui
386 3473 423 3530 ab
445 3492 518 3531 anno
537 3472 564 3529 in
588 3473 737 3528 amentiam
757 3468 863 3541 incidit,
881 3478 949 3530 tuuc

48 3554 134 3613 rtaued
142 3556 284 3615 voluntate
293 3552 463 3632 suscipiendi
476 3553 664 3629 Baptbrmum;
680 3569 736 3607 uon
744 3555 838 3608 temen
849 3550 948 3612 similia

48 3642 93 3693 ret
111 3635 312 3696 absolvendus:
334 3637 400 3715 quia
420 3634 499 3694 nulla
521 3638 563 3695 cst
586 3630 694 3691 moralis
715 3634 856 3691 connexio
875 3635 948 3691 inter

48 3708 217 3779 »emtionem
247 3717 283 3778 ab
310 3710 384 3779 auno
409 3716 544 3853 preterqto
579 3732 643 3772 cum
677 3714 806 3791 praeseuti
839 3712 946 3774 absolu·

48 3817 108 3857 nne.
461 3812 485 3855 rr
