2130 3990
246 120 288 165 na
307 119 572 166 mantuanensis
593 119 731 167 suasae.
924 104 982 167 109

11 329 16 353 ,Ι
90 266 138 325 11.
154 266 193 327 R.
217 266 293 328 Dist.
307 273 363 331 eut
419 264 486 326 Noti
505 266 628 346 emplius
648 266 745 327 existit
762 262 892 345 physice.
911 283 979 327 con-

11 356 13 365 '
50 346 144 407 cedo:
178 349 322 408 moraliter
350 355 380 407 at
404 346 561 417 virensium,
585 366 657 425 nego
683 353 741 407 ant.
765 346 980 407 Sacramentum

11 452 16 497 ;
50 428 128 489 euim
156 430 316 488 reviviscens
339 428 433 487 adbuc
457 428 597 488 moraliter
609 439 638 487 et
648 428 801 487 vlrtualiter
826 428 931 501 existit,
949 428 979 489 iu

11 502 17 611 j
53 516 193 589 quantum
219 512 302 569 virtus
323 508 398 568 illius
413 510 498 588 (pute
516 509 666 589 applicatio
677 510 836 568 meritorum
851 507 978 587 Christi)

54 596 153 649 manet
165 591 196 649 iu
206 610 273 650 acce
292 590 396 650 tatione
409 591 517 650 diviua:
536 594 614 650 etsie
628 591 706 669 quasi
720 596 811 650 movet
820 590 983 670 excitatque

11 684 14 751 t
56 672 164 745 Deum,
186 679 227 739 nt,
247 611 355 730 sobiam
367 671 457 740 obice,
479 669 609 730 Gratiam
622 669 756 730 conferat.

93 750 153 809 ΙΙΙ.
172 752 255 812 Patet
267 760 360 812 temen
373 772 412 811 ax
430 752 485 811 hac
497 751 643 821 solutione,
665 749 751 831 qued,
771 755 804 813 ut
815 748 921 811 dictum
936 758 983 813 an

55 850 132 889 num.
159 832 208 893 19.
234 834 447 893 Sacramentum
466 835 626 893 reviviscens
638 852 694 893 non
707 831 837 912 physici,
858 831 909 893 sed
922 850 980 893 mn·

55 910 146 971 ruliter
157 920 268 973 tontum
283 913 416 993 producat
425 933 490 973 suos
499 911 626 973 effectus.

94 992 238 1063 Quanam
250 996 432 1055 Sacramenta
444 1003 561 1074 possunt
572 994 751 1055 reviviscere?

11 1084 13 1093 ·
95 1072 152 1134 IV.
178 1075 217 1135 R.
239 1076 287 1134 Da
309 1075 448 1156 Baptismi
473 1076 662 1135 reviviscentia
680 1074 845 1146 communis,
865 1079 983 1134 atcerte

11 1162 24 1193 ³··
57 1162 97 1215 est
111 1156 270 1216 Doctorum
283 1158 429 1224 sententia,
449 1154 568 1216 fundata
586 1157 616 1216 in
627 1155 775 1216 traditione
786 1173 820 1213 aa
833 1156 862 1214 in
875 1156 985 1215 retiam

59 1236 228 1315 theologica,
249 1237 400 1317 desumpta
419 1256 459 1297 ax
473 1237 632 1298 charactere
644 1245 674 1297 at
685 1235 892 1297 initarabilitata
907 1232 983 1314 Bap-

58 1316 130 1377 mni
146 1318 233 1379 simui
246 1326 276 1377 et
291 1320 455 1379 necessitate
468 1317 576 1378 Gratia
587 1317 770 1399 baptismalis.
808 1316 884 1377 Haec
896 1316 984 1376 latina

62 1396 105 1457 ubi
117 1396 157 1457 da
173 1398 328 1479 Baptismo.
369 1400 416 1458 Do
428 1401 489 1459 otiis
508 1399 695 1461 sacramentis
707 1399 815 1459 sedant
826 1395 982 1466 Aetherem

10 1520 29 1573 ,3
62 1498 109 1537 nac
122 1480 239 1553 mirum,
258 1484 322 1538 cum
345 1486 433 1540 totum
454 1479 508 1540 hnc
521 1479 730 1560 dependeatex
743 1478 891 1539 arbitraria
902 1479 982 1537 insti·

10 1566 32 1591 'f
64 1560 162 1619 tuentis
171 1560 323 1630 voluntate,
345 1581 407 1641 qua
422 1580 477 1620 non
490 1563 576 1621 scitur
587 1561 723 1621 revalata:
742 1556 981 1637 ethincquidam,

10 1704 14 1711 ,
64 1640 129 1699 inter
151 1660 224 1721 quos
238 1642 368 1701 Pauwals
385 1651 415 1703 et
427 1641 493 1704 Van
515 1642 591 1722 Roy,
611 1639 751 1721 denegent
763 1640 982 1702 reviviscentiam

66 1720 106 1781 reli
126 1724 171 1780 uis
184 1724 384 1783 sacramentis.

132 1845 139 1861 .
155 1802 342 1862 Communior
354 1804 472 1874 interim,
494 1824 551 1863 non
571 1811 665 1863 tamea
680 1808 762 1876 certa,
782 1807 826 1861 ast
838 1800 984 1875 sententia,

10 1864 35 1903 τ’
67 1882 143 1943 etiam
171 1882 356 1944 Sacramenta
382 1884 606 1944 confirmationis
631 1892 661 1944 at
683 1883 797 1944 Ordinis
809 1883 983 1952 revivisccra;

68 1962 143 2042 idque
170 1974 233 2023 tum
247 1966 353 2023 rationo
379 1964 556 2035 characteris,
578 1968 605 2024 in
619 1985 674 2046 quo
687 1963 838 2026 virtualiter
850 1970 982 2033 maneut;

67 2052 118 2103 tum
144 2048 213 2121 quia
235 2046 329 2104 iterari
341 2066 397 2104 uon
410 2054 531 2125 possunt,
551 2046 749 2125 hominemque
773 2046 942 2105 constituunt
954 2044 983 2102 iu

66 2134 129 2185 stetu
145 2125 325 2199 immutabili,
345 2126 477 2203 adquam
500 2128 615 2205 speciali
629 2127 728 2187 Gratini
747 2146 817 2206 opus
831 2133 887 2197 est;
909 2130 939 2183 at
951 2125 984 2184 li·

65 2209 104 2266 nat
116 2205 181 2265 hac
196 2206 297 2266 Gratia
309 2206 424 2267 aliunde
435 2207 553 2268 obtineri
566 2209 661 2288 possit,
674 2228 729 2267 non
742 2209 782 2268 ita
792 2214 884 2267 nmen
898 2203 982 2266 facile

61 2298 85 2346 at
116 2286 235 2346 erfectb.

10 2228 45 2540 ἔ

10 2481 25 2519 r

130 2366 155 2426 1.
185 2367 342 2428 Probabilis
359 2371 445 2428 etiam
467 2368 548 2449 (licat
567 2370 657 2429 minda
680 2370 765 2448 quim
786 2366 924 2450 opposite)
940 2375 985 2427 ast

60 2452 212 2522 sententia,
232 2448 329 2509 dicens
348 2452 432 2511 etiam
454 2453 613 2510 reviviscere
632 2451 815 2511 Sacramenta
831 2450 984 2509 Extrema·

9 2542 32 2621 ἱ·
60 2528 222 2597 Unctionia,
244 2529 342 2589 ecdem
358 2531 446 2591 morbi
459 2540 533 2591 statu
554 2531 676 2599 durante,
697 2541 727 2591 et
741 2531 926 2603 Matrimonii,
946 2531 985 2588 vi·

10 2574 31 2702 ,i
60 2622 143 2669 rante
156 2621 315 2690 cornparte3
338 2615 472 2672 rabonem
483 2615 667 2690 congruentia
682 2611 758 2682 dant,
780 2610 854 2693 qndd
868 2610 917 2670 illa
929 2611 987 2670 sint

18 2688 29 2741 ἶ
62 2693 146 2750 etiarn
160 2694 201 2749 sic
214 2692 389 2775 initarabilia,
409 2713 525 2770 quornm
540 2702 633 2755 temen
648 2692 747 2755 Gratia
760 2696 789 2754 in
802 2692 856 2753 illis
868 2692 984 2752 statibus

21 2776 25 2827 i
60 2784 100 2831 cst
113 2775 282 2831 necessaria.

20 2850 25 2917 ξ’
100 2852 134 2910 ln
144 2853 272 2931 baoargo
287 2853 490 2927 incertitudine,
511 2855 611 2915 anilla
624 2854 805 2913 Sacramenta
818 2855 984 2922 reviviscent,

9 2926 23 3023 j
63 2951 158 3003 recena,
183 2934 309 3013 specialis
329 2956 389 2994 essa
411 2935 494 2994 debat
513 2934 669 3006 solicitudo,
693 2944 723 2995 ut
736 2934 819 3012 digne
834 2936 985 3014 suscipian-

9 3016 24 3081 ;'
63 3024 112 3073 tur.

9 3094 12 3106 '
103 3093 176 3153 ult.
194 3096 239 3154 Do
254 3096 435 3155 Sacramenta
450 3096 632 3157 Eucharistiae
654 3117 708 3156 non
722 3096 830 3156 videtur
852 3113 988 3175 apparen-

9 3230 17 3251 ,Ι
64 3177 118 3233 tia:
140 3186 201 3235 tum
231 3178 436 3255 quiniterabiia
456 3187 514 3247 ast;
543 3187 601 3236 turn
629 3180 695 3254 qnia
722 3178 792 3237 aliis
819 3184 985 3255 sequeretur,

9 3258 22 3351 i·
66 3256 139 3334 quod
164 3258 213 3336 qui
238 3268 296 3315 toto
321 3261 379 3317 vitae
394 3269 519 3337 tompore
539 3261 687 3337 saepissima
702 3260 930 3317 communicasset
943 3276 987 3314 sa-

18 3318 25 3369 ⁸
66 3338 178 3415 criiag'e,
200 3338 320 3396 fieretin
342 3338 397 3397 fine
411 3342 470 3397 vitae
492 3342 686 3408 sanctissimus,
709 3342 732 3398 si
746 3342 809 3399 vara
825 3339 986 3419 peniteret:

17 3417 366 3894 §quedestabsurdum
805 3458 808 3463 ⁴

104 3500 180 3558 Sunt
194 3502 241 3578 qui
255 3503 401 3580 excipiunt
416 3522 521 3571 casuro,
545 3523 600 3582 quo
627 3501 699 3561 obex
719 3498 825 3563 tollitur
845 3509 911 3561 aute
924 3518 987 3558 cco·

66 3591 189 3661 sumptas
214 3583 320 3661 specics
347 3584 576 3657 sacramentales,
615 3581 675 3649 aad.
696 3590 727 3643 ut
754 3581 878 3647 observat
903 3581 989 3641 Daet·
