2130 3990
85 108 147 170 ³66
463 124 638 169 anomaeus

85 273 245 333 immutatio
285 270 321 330 ad
359 271 536 330 Sacrificium
568 291 617 348 par
651 270 902 330 Consecrationem
941 273 1007 332 unius

87 356 199 431 speciei,
220 373 275 411 non
287 350 391 411 sufficit
403 362 497 412 tumen
509 351 544 410 ad
560 352 735 411 Sacrificium
751 370 833 411 norm
849 350 943 427 Iegis,
958 357 1009 431 quia

90 433 266 493 Sacrificium
281 435 367 492 aliam
376 437 599 493 immutationem
622 434 773 512 requisivit,
795 435 893 508 sicque
907 451 960 489 non
972 436 1011 492 erit

90 516 220 575 Christus
245 514 572 588 nisiatiaadhibeatu13
595 517 715 574 mutatio
738 515 817 573 euim
833 511 1013 573 Sacrificiitit

88 599 117 656 in
136 598 190 654 Dei
204 596 351 655 honorem.
1064 607 1065 610 ’

132 677 201 756 Obj.
217 679 301 736 Aetio
314 677 497 736 sacrificatura
510 687 552 735 est
571 679 725 736 necessarie
739 677 866 736 victimae
876 676 1014 734 immutati·
1059 688 1060 693 ’

90 780 139 819 aa:
162 761 240 838 atqui
256 758 472 818 Consecratione
485 759 566 817 nulla
588 759 621 817 fit
644 761 805 818 immutatio
830 756 1017 827 victimasse

88 841 149 919 ejus
164 847 272 897 tanturn
289 839 447 918 productio:
470 860 545 919 ergo,
566 836 620 898 &a

134 922 170 979 R.
195 920 235 976 10·
258 920 358 978 Potest
371 918 555 980 Consecratio
581 918 747 980 considerari
770 927 804 978 ut
828 927 876 977 est
902 917 1019 977 actiode·

90 1004 222 1061 atnrctiva
234 1003 318 1060 Panis
332 1011 362 1060 et
375 1002 446 1060 Vini
460 1026 467 1074 ;
489 1002 539 1061 sed
553 1022 602 1082 per
616 1022 679 1060 earn
689 1023 743 1060 non
752 1007 851 1080 potest
865 1004 920 1059 ista
930 1002 1020 1059 immu-

70 1095 72 1099 '
92 1087 161 1141 tatio
176 1084 331 1162 expticari:
347 1090 410 1142 cum
431 1085 510 1141 Panis
523 1093 552 1141 et
561 1083 665 1142 Vinum
677 1102 732 1140 non
745 1084 805 1141 sint
818 1080 933 1141 Hostia
944 1082 1022 1140 Sacri·

92 1163 148 1223 ficii
164 1164 281 1233 blissae;
303 1168 369 1243 quia
388 1165 560 1223 Sacrificium
587 1164 686 1224 Missae
700 1164 777 1223 idem
791 1172 838 1221 est
852 1161 951 1242 quoad
974 1183 1022 1222 ren

95 1245 215 1303 oblatam
232 1266 295 1302 curn
310 1246 456 1304 Sacrificio
472 1246 576 1304 Crucis.

134 1327 176 1381 2⁰·
199 1326 416 1385 Consecrat'rone
439 1325 473 1384 fit
487 1326 629 1404 productio
644 1327 763 1384 victimae
777 1335 807 1384 et
819 1326 984 1383 immutatio
994 1326 1023 1381 si·

94 1410 164 1470 mni,
200 1410 366 1486 inquantum
391 1410 415 1466 vi
440 1407 663 1465 consecrationis
687 1406 814 1465 Christus
838 1406 971 1464 redactus
993 1405 1023 1463 ad

94 1499 228 1569 punctum
243 1493 272 1546 in
286 1486 381 1547 Altari
394 1488 491 1547 colitur
506 1488 589 1546 modo
599 1487 723 1567 quodam
745 1497 870 1561 mortuo,
891 1495 922 1545 et
934 1486 971 1545 ad
984 1507 1023 1544 na·

94 1570 198 1629 turales
211 1566 365 1628 functiones
387 1589 518 1628 sensuum
538 1573 644 1647 inepto,
665 1578 695 1626 et
712 1569 827 1646 quidem
843 1571 874 1627 in
889 1566 1024 1627 ordincad
1060 1576 1065 1620 t

96 1652 309 1710 destructionem
325 1652 353 1708 in
369 1650 574 1709 Cornmunione
588 1648 853 1708 consummandum.
1054 1669 1055 1676 ³

136 1731 180 1787 3⁰·
211 1731 386 1791 Probabilius
410 1742 505 1790 tamen
533 1733 643 1802 dieitur,
676 1733 783 1790 reatem
805 1731 1022 1791 immutationem

94 1811 204 1885 adesse,
225 1815 391 1890 inquantum
404 1816 431 1872 vi
450 1812 596 1871 verborum
621 1812 852 1873 Consecratiouis
863 1813 918 1871 sub
930 1815 1021 1892 specio

97 1895 148 1952 bus
162 1896 242 1972 panis
264 1897 374 1972 ponitur
386 1895 479 1953 solum
494 1892 600 1973 Corpus
612 1895 673 1952 sine
687 1894 845 1970 Sanguine,
865 1902 897 1953 et
909 1892 961 1953 sub
972 1912 1019 1973 spe
1047 1911 1053 1931 ’κ

97 1975 192 2033 ciebns
208 1974 278 2033 Vini
292 1977 412 2053 Sanguis
426 1978 485 2032 sine
501 1975 640 2054 Corpore3
656 1995 689 2032 ac
704 1977 744 2033 ita
752 1975 867 2033 videtur
880 1974 978 2033 melius
989 1994 1018 2033 re

98 2060 201 2134 quisita
215 2058 371 2115 immutatio
386 2056 541 2135 explicari:
564 2060 603 2114 sic
617 2059 690 2113 enim
704 2059 730 2115 vi
744 2056 892 2116 verborum
910 2055 1018 2116 Christus

99 2138 151 2195 sub
164 2137 312 2215 speciebus
327 2136 491 2215 producitur
506 2137 589 2195 modo
603 2137 724 2215 quodam
740 2147 864 2210 mortuo,
885 2145 968 2214 atqua
979 2140 1017 2195 ita·
1044 2099 1065 2169 d

99 2240 160 2276 rum
177 2220 352 2290 irnmotatur;
376 2239 439 2276 cum
455 2217 628 2276 solummodo
643 2236 691 2296 per
703 2218 952 2277 concomitantiam
965 2218 1017 2278 Cer-
1047 2257 1063 2278 ‚a

101 2320 151 2380 pus
167 2300 274 2357 Christi
291 2311 407 2378 ponatur
421 2320 485 2358 cum
500 2300 653 2376 Sanguine,
674 2296 728 2357 dac.
1047 2350 1050 2353 Α

141 2381 212 2438 Inst.
237 2383 260 2439 I.
286 2383 352 2438 Nou
380 2382 480 2438 sufficit
493 2383 648 2439 immutatio
662 2383 688 2438 vi
701 2381 855 2440 verborum.
898 2380 1019 2440 Probatur
1048 2423 1051 2434 ,

100 2464 232 2540 Assump.
256 2463 323 2540 quia
337 2470 379 2517 est
392 2461 466 2519 reale
483 2461 659 2520 Sacrificium
677 2480 682 2516 :
704 2482 768 2540 ergo
783 2461 870 2521 debet
893 2482 953 2520 esse
975 2482 1018 2519 rea·

101 2543 134 2600 tis
148 2546 318 2609 immutatio,
345 2545 416 2600 sicut
441 2543 582 2613 Minister,
607 2542 720 2613 Hostia,
742 2545 817 2601 actio
841 2543 1020 2612 sacrificativa,
1051 2602 1065 2616 ‚

100 2623 154 2681 deo·
170 2623 272 2680 debent
285 2644 344 2680 esse
359 2624 454 2681 realia.
1058 2680 1065 2688 ,

142 2705 180 2762 R.
206 2705 235 2762 H
239 2706 337 2763 abetur
350 2706 430 2762 realis
444 2707 611 2774 immutatio,
625 2705 792 2783 inquantum
806 2704 890 2763 verba
903 2705 961 2772 illa,
970 2707 1021 2761 edu
1052 2689 1065 2778 fl

103 2874 210 2944 ponant
224 2875 253 2924 et
266 2867 335 2925 nihil
364 2867 458 2924 aliud:
481 2887 555 2945 ergo,
577 2873 712 2945 quantum
727 2879 769 2926 est
790 2887 826 2924 ex
840 2870 866 2924 vi
878 2867 1024 2938 verborum,

102 2946 222 3004 habetur
245 2949 326 3006 realis
340 2951 506 3020 immutatio,
532 2968 634 3027 nempe
655 2951 758 3026 positio
781 2947 865 3006 solius
892 2949 1022 3027 Corporis,

101 3028 230 3106 adeoque
243 3031 364 3105 separati
377 3031 394 3085 a
409 3032 571 3108 Sanguine:
594 3050 647 3087 non
670 3033 750 3107 quasi
771 3028 941 3088 excludatur
963 3030 1024 3087 Saa-
1064 3039 1065 3046 ’

101 3113 163 3185 guis
178 3112 214 3166 ab
229 3111 285 3167 alia
299 3131 384 3168 causa
398 3110 555 3185 adveniens,
579 3095 720 3191 sed⁹qudd
733 3111 781 3171 illa
794 3111 879 3169 verba
893 3132 952 3169 non
965 3130 1024 3190 pen·

100 3201 148 3247 ant
168 3189 348 3267 Sanguinem.

143 3272 214 3329 inst.
231 3272 273 3330 ll.
288 3274 375 3350 Atqui
389 3272 539 3352 nequidem
553 3273 682 3352 negative
704 3272 988 3350 excluditursauguia
1006 3273 1029 3331 vi

101 3353 253 3411 verborum.
298 3353 435 3413 Probatur
453 3365 585 3433 assumpt.
608 3355 674 3433 quia
696 3358 719 3412 si
743 3355 837 3412 dicam
865 3351 1029 3412 ostendendo

102 3441 187 3510 caput
200 3436 319 3492 doannis
333 3456 340 3493 :
364 3434 432 3493 Hoc
443 3445 486 3494 est
500 3444 588 3512 caput
600 3436 745 3502 dommo,-
767 3438 819 3493 etsi
833 3436 928 3492 adsint
941 3435 1030 3514 pedes,

102 3533 153 3590 per
166 3512 220 3572 hoe
241 3536 296 3572 uon
312 3516 436 3574 excludo
450 3527 538 3595 caput
551 3519 569 3574 d
583 3517 700 3597 pedibus
715 3537 721 3573 ι
743 3537 808 3595 ergo
821 3519 847 3575 vi
860 3516 958 3576 formae
981 3535 1032 3574 uua

104 3595 264 3655 excluditur
277 3599 396 3675 Sanguis
412 3600 430 3656 a
445 3598 578 3678 Corpore.
