2130 3990
397 212 440 257 na
459 211 624 255 remisero.
916 190 973 251 179

83 357 202 417 Deinde
215 360 245 416 2.
269 357 298 415 2.
321 365 416 436 quaest.
442 357 487 416 10.
507 363 559 416 art.
574 358 621 415 12.
635 359 670 415 in'
682 356 769 435 Corp.
784 354 860 414 idern
873 355 974 433 probat

48 437 101 499 lace
115 438 294 498 dilemmate:
317 437 386 497 dicti
408 436 529 497 infantes
552 440 644 496 invitis
664 437 825 516 parentibus
839 436 975 515 baptizati

48 519 90 578 rel
113 520 193 599 apud
211 523 284 598 ipsos
306 520 531 598 relinquerentur,
561 519 605 579 vel
622 518 658 577 ab
680 521 747 597 ipsis
765 525 971 596 separarentur:

48 603 126 679 atqui
138 610 265 660 neutrum
277 599 360 659 licet:
382 620 439 659 non
454 602 582 678 primum,
605 601 641 657 ob
655 600 889 658 evidentissimum
902 599 974 676 peri·

51 684 148 741 culum
167 682 344 760 perversionis
365 689 393 741 et
411 686 558 761 apostasia
578 685 607 741 in
626 699 735 758 gravem
756 680 887 758 injuriam
907 679 977 739 fidei

53 772 79 820 et
92 762 284 822 Sacramenti:
306 782 362 821 nou
383 761 547 830 secundum,
571 762 607 822 ob
630 780 758 839 magnam
781 761 912 840 injuriam
925 778 977 838 per

53 844 104 903 111
117 842 295 903 inferendam
304 844 471 923 parentibus,
480 847 590 922 quinon
602 844 663 922 plus
673 845 729 902 suis
742 839 876 921 prolibus.
887 845 975 921 quiam

56 924 109 983 aliis
118 927 176 982 suis
185 924 264 982 bonis
272 926 384 1004 spoliari
392 935 522 1005 possunt;
544 928 572 985 11
583 945 629 984 111
639 925 711 982 enim
728 923 859 983 Ecclesia
870 922 977 983 nullam

57 1005 138 1065 labet
157 1005 390 1083 jurisdictionem,
410 1025 463 1067 nec
488 1008 626 1086 Principes
648 1004 798 1077 Catholici,
818 1006 871 1063 nisi
890 1005 921 1062 in
934 1004 976 1073 lis,

60 1106 114 1167 quae
126 1095 253 1165 spectant
265 1107 367 1167 pacem
381 1095 409 1146 et
421 1088 649 1167 tranquillitatem
667 1085 816 1164 publicam.

92 1166 121 1226 A
144 1167 249 1227 fortiori
272 1167 409 1247 probatur,
431 1168 529 1227 illicite
553 1167 686 1245 baptizari
708 1167 798 1246 proles
820 1163 979 1226 infidelium

60 1247 130 1309 nullo
142 1247 228 1308 modo
239 1247 362 1327 Principi
375 1247 452 1308 fideli
465 1249 662 1328 subjectorum.

95 1327 164 1407 obj.
191 1334 215 1389 1.
238 1328 364 1389 Christus
388 1332 527 1390 Dominus
543 1330 651 1389 Matth.
666 1349 728 1408 cap.
747 1327 793 1388 18.
814 1325 986 1406 generaliter

57 1411 137 1490 jussit
149 1409 286 1489 baptizari
300 1431 395 1470 omnes
409 1409 534 1470 Gentes:
555 1431 629 1489 ergo,
649 1409 704 1470 &a

96 1490 166 1551 Hoc
179 1490 296 1569 intelligi
310 1490 398 1562 (lebet,
421 1491 496 1552 salvi
508 1493 661 1552 reverentii
672 1491 857 1564 Sacramenti,
875 1494 906 1549 at
916 1488 982 1568 jure

59 1571 174 1633 naturali
239 1580 336 1632 autum
351 1575 378 1632 io
391 1574 478 1652 proles
491 1593 563 1633 suas.

97 1652 168 1731 Obj„
202 1653 227 1712 1.
250 1653 367 1714 Plurimi
381 1654 506 1714 infantes
519 1656 670 1714 moriuntur
682 1661 749 1712 aute
762 1670 844 1711 usum
857 1651 984 1724 rationis,

59 1736 105 1815 qui
117 1733 254 1815 baptizati
268 1745 467 1814 consequenter
478 1734 603 1795 salvandi
611 1743 692 1794 suntr
713 1752 779 1812 ergo
792 1732 830 1792 ob
839 1731 913 1791 hanc
926 1731 980 1791 eal·

59 1826 113 1877 tem
127 1817 265 1875 rationem
278 1815 355 1876 licite
368 1816 555 1896 baptizantur.

99 1896 137 1957 R.
154 1896 239 1975 Nego
253 1918 364 1976 conseq.
376 1901 442 1976 quia
454 1899 521 1959 licet
535 1916 637 1975 magna
649 1895 758 1957 illorum
772 1914 840 1975 pars
850 1895 985 1955 moriatur

60 1984 125 2039 ante
135 1996 219 2036 usum
233 1979 355 2048 rationis,
375 1979 412 2037 de
431 1978 508 2039 nullo
521 1988 616 2038 tamen
629 1980 658 2037 in
670 1978 827 2058 particulari
850 1974 984 2056 (seposito

61 2062 155 2119 mortis
177 2060 318 2141 periculo)
341 2059 369 2118 id
393 2062 464 2119 scire
478 2077 639 2140 possumus:
658 2058 733 2118 unde
745 2065 874 2138 respectu
887 2058 983 2117 11111·

63 2139 193 2221 cujusque
212 2143 240 2199 in
262 2141 421 2218 particulari
441 2150 628 2221 exponeretur
641 2138 845 2199 evidentissimo
858 2136 984 2217 panemo

63 2218 256 2300 profanationis
269 2223 479 2281 Sacramentum
496 2223 640 2300 Baptismi,
653 2220 728 2300 quod
741 2224 838 2298 utique
851 2239 908 2279 uon
921 2227 984 2279 tan-

64 2302 123 2360 tum
135 2309 179 2362 est
200 2304 365 2376 institutum,
384 2312 417 2361 ut
430 2302 549 2363 intentes
562 2303 700 2362 salventur
714 2304 741 2360 11
757 2300 806 2360 1111
818 2305 914 2376 mictu,
934 2296 986 2361 1111

65 2383 153 2456 etiam
163 2382 315 2464 etquidem
325 2404 420 2442 exsuo
430 2384 575 2464 principali
585 2384 650 2453 fine,
665 2391 763 2462 utpote
771 2383 984 2443 Sacramentum

66 2460 136 2534 filei,
157 2472 197 2537 nt,
217 2467 241 2522 si
263 2464 299 2523 ad
322 2464 447 2523 adultam
469 2474 578 2524 atatem
601 2466 810 2544 supervixerint,
836 2462 986 2523 christiane

69 2544 170 2616 virant3
192 2543 247 2603 hoc
260 2555 353 2603 autem
368 2549 471 2626 sperari
485 2567 538 2603 non
555 2554 645 2625 potest
654 2548 683 2603 in
698 2565 776 2605 casu.

103 2624 200 2685 Plures
214 2625 383 2704 objectiones
398 2627 461 2685 vido
474 2626 549 2706 apud
565 2627 701 2686 Daelman
716 2635 745 2686 et
757 2626 836 2685 alios.

103 2704 218 2767 Dictum
229 2710 309 2765 estin
321 2710 497 2768 conclusione
510 2728 515 2763 :
529 2706 671 2786 Exceptis
681 2706 849 2786 quibusdam
859 2704 985 2776 caer'bua,

103 2789 209 2847 isunt:

71 2806 158 2927 quVI.
177 2873 215 2926 10‘
231 2868 262 2926 Si
274 2866 365 2926 iulans
379 2871 413 2927 sit
426 2868 453 2926 in
468 2868 589 2948 periculo
603 2871 714 2940 mortis3
732 2876 800 2927 tune
809 2869 886 2928 enim
898 2884 988 2930 mora-

71 2948 126 3009 liter
138 2969 194 3008 111
210 2950 311 3007 militat
323 2952 393 3007 ratio
406 2950 602 3028 profanationis
616 2951 800 3016 Sarmenti,
812 2944 867 3013 &a

104 3033 143 3089 2⁰·
159 3030 301 3109 Baptiaari
315 3040 430 3108 possunt
443 3036 579 3110 perpetuu
593 3040 728 3090 amentes.

104 3108 144 3166 ³⁰·
161 3110 257 3169 Adulti
272 3114 486 3182 consentientes,
506 3121 538 3170 ut
550 3132 633 3190 supra
645 3111 750 3175 dictum
765 3118 815 3169 est.
993 3162 995 3170 .

104 3195 145 3250 4⁰·
164 3192 302 3271 Baptizari
323 3202 419 3270 potest
441 3191 532 3250 infans
553 3195 624 3252 itai
639 3202 787 3271 parentum
802 3188 929 3249 custodia
941 3187 989 3247 ab·

71 3281 185 3333 stractus
208 3274 276 3353 (sive
288 3273 374 3351 juste,
395 3274 451 3333 sive
465 3273 583 3352 injuste)
599 3283 699 3333 utnon
713 3273 748 3333 sit
759 3291 820 3351 spes
834 3269 940 3330 reditus
954 3269 992 3331 ml

70 3355 136 3416 illos.

107 3436 147 3494 6⁰·
175 3435 206 3493 Si
220 3435 350 3493 alteruter
362 3443 512 3515 parentum
527 3439 685 3495 consentiat
697 3437 726 3495 in
742 3434 916 3512 Baptismum
929 3450 992 3511 pro·

71 3516 112 3582 lis,
132 3519 259 3595 quamvis
283 3517 352 3576 alter
375 3517 535 3588 dissentint;
557 3519 711 3581 attenditur
725 3517 801 3577 euim
814 3522 882 3577 tunc
895 3513 933 3577 ad
947 3528 995 3573 ro·

71 3596 205 3660 luntatem
219 3602 308 3681 magis
323 3599 525 3660 rationabilem.
