2130 3990
281 202 324 247 ua
335 203 547 249 necromancia
558 205 592 247 in
609 204 749 249 saunas.
913 188 981 253 lac·

84 344 134 485 A?
161 344 200 409 ad
226 346 347 409 valorem
366 349 542 411 Smmmanti
568 347 673 409 sufficit
691 350 810 411 iunctio
834 350 971 413 conditio·

87 506 127 569 lt.
142 506 254 571 Sufficit
265 509 324 570 sola
336 510 393 584 ills,
412 532 475 593 quae
489 512 636 591 aequivalet
647 510 787 571 absolutae.

57 588 131 729 velll.
153 590 235 687 Quid
243 611 320 713 ⁹ergo
341 590 410 653 facit
429 594 546 653 intentio
567 591 760 651 conditionata
776 591 811 653 dc
832 597 971 673 praeterito

90 751 129 811 R.
150 753 184 813 Si
206 759 277 812 tunc
289 754 442 814 verificetur
455 753 583 825 conditio,
604 754 677 813 valet
696 752 925 827 Sacramentum
946 759 973 817 si

60 835 113 891 urb
126 853 183 892 non
204 833 337 894 subsistat
353 854 408 895 non
425 837 567 915 perficitur
579 834 803 904 Sacramentum,
822 836 910 916 idque
922 835 970 896 de-

59 912 126 973 b'du
142 916 326 975 'iutmdonisr
345 936 413 974 uam
434 916 561 976 voluntas
582 916 636 976 sub
658 914 826 988 conditione,
857 919 895 979 et
915 938 973 979 non

57 992 225 1069 menta
244 997 330 1055 etiam
344 1016 398 1055 non
412 997 546 1057 subsistit

87 1072 146 1135 111.
170 1074 247 1147 Quid
260 1076 297 1134 de
310 1077 586 1156 intentione-proprie
601 1076 791 1137 conditionata
802 1076 839 1137 de
851 1077 972 1141 lutum?

87 1154 128 1215 R.
151 1157 227 1215 eum
250 1157 302 1216 tali
324 1160 476 1217 intentione
500 1160 712 1218 Sacramentum
726 1166 769 1217 est
781 1158 901 1234 nullum,
920 1180 973 1221 ax·

53 1244 130 1317 capto
142 1236 218 1315 {orto
233 1238 413 1299 Matrimonia
425 1259 431 1295 :
451 1241 523 1298 ratio
536 1248 587 1307 est,
609 1238 684 1318 quod
696 1238 744 1298 illa
753 1237 875 1300 conditio
885 1243 974 1320 impe·

52 1316 109 1379 (liat
129 1319 265 1378 moralem
274 1322 408 1379 unionem
422 1322 493 1380 inter
503 1322 689 1381 intentionem
703 1319 829 1381 Ministri
842 1330 871 1381 et
883 1322 974 1402 appli-

51 1402 334 1460 cationem-materiae
352 1410 382 1461 et
403 1399 518 1461 forma:
545 1400 691 1480 suspendit
710 1403 785 1461 anim
806 1412 975 1481 presentem

50 1483 247 1549 monem,
264 1488 297 1541 et
314 1481 391 1549 facit.
412 1490 445 1541 ut
468 1482 642 1543 Ministerin
657 1484 786 1563 prasenti
800 1503 856 1543 non
869 1482 976 1547 babeat

51 1560 221 1623 mluamem
246 1562 410 1623 conficiendi
432 1564 663 1623 Sacramentum:
683 1563 862 1645 postmodnm
879 1571 976 1625 autem

52 1644 200 1723 punfimtt
222 1646 389 1717 conditione,
409 1646 494 1704 etiam
515 1644 726 1705 Sacramentum
752 1664 808 1705 non
829 1645 974 1709 subsistit:

56 1726 119 1805 quia
129 1735 200 1785 tnnc
214 1745 271 1784 non
285 1726 402 1804 amplius
415 1728 538 1784 existent
551 1726 667 1783 materia
679 1733 707 1784 et
719 1723 818 1785 forma.

95 1804 152 1863 lv.
177 1808 294 1865 Dictum
308 1816 351 1865 est
361 1805 575 1885 ecceptosortc
590 1806 800 1867 Matrimonia:
821 1806 890 1885 quia
909 1810 974 1866 clun

57 1889 264 1947 matrimonium
277 1888 312 1945 sit
324 1896 492 1955 contractus,
515 1888 545 1947 in
566 1888 704 1947 sententia
730 1887 852 1963 illorum,
874 1889 922 1967 qui
934 1886 977 1947 di·

57 1975 128 2042 cant,
138 1969 414 2028 cmtrabcntassase
428 1969 589 2041 Ministros,
597 1988 661 2028 cum
670 1968 835 2047 purificatur
844 1967 978 2042 conditio,

56 2058 200 2109 meatur
212 2059 281 2108 tunc
290 2049 433 2108 moraliter
445 2048 543 2107 adesse
557 2051 673 2109 materia
685 2057 715 2107 et
727 2049 827 2111 forma.
874 2049 908 2109 In
919 2048 977 2109 alia

58 2136 115 2191 rard
125 2134 270 2189 sententia
281 2139 376 2188 manet
388 2130 491 2209 paritas
503 2151 568 2188 cum
583 2132 687 2190 catoris
697 2130 897 2189 sacramentis.

97 2210 133 2273 V.
159 2210 230 2289 obj.
254 2210 403 2271 Absolutio
421 2211 634 2271 Sacramentalis
651 2211 821 2270 assimilatur
832 2209 976 2270 sententie

58 2290 199 2373 'pdicialh
221 2294 301 2372 atqui
321 2291 383 2351 hare
406 2300 494 2371 potest
513 2292 662 2351 subsistere
683 2312 748 2353 urm
768 2290 930 2352 conditione
942 2289 979 2349 da

60 2372 146 2433 laturo
157 2392 165 2429 r
178 2392 253 2450 ,ergo
267 2382 299 2433 et
308 2373 521 2433 Sacramentum
534 2373 718 2432 Paenitentia.

95 2454 143 2516 [ἰ.-
162 2454 219 2513 nn
231 2454 382 2514 similitudo
396 2453 487 2533 quoad
500 2452 604 2531 aliqua,
625 2454 675 2512 sed
689 2473 746 2513 non
760 2451 853 2532 quoad
865 2452 978 2513 omnia:

61 2537 194 2595 utmtia
216 2536 290 2595 enim
308 2534 453 2614 judicialis
475 2536 566 2593 etiam.
582 2534 616 2593 tit
637 2536 750 2613 scripto,
774 2537 805 2594 in
826 2533 980 2598 absentem,

62 2614 212 2688 nolentem,
235 2614 289 2675 dec.
314 2636 369 2674 non
392 2618 456 2673 vero
475 2615 705 2674 Sacramentalis:
740 2623 873 2693 praterea
892 2613 981 2673 noluit

62 2696 188 2757 christus
197 2699 259 2755 fiori
271 2698 494 2770 Sacramentum,
507 2696 558 2755 nisi
570 2696 652 2756 simul
665 2705 758 2755 essem
770 2696 898 2768 intentio,
921 2714 999 2752 ura-2

62 2780 126 2840 teria
139 2787 168 2836 et
180 2777 282 2837 forma.

96 2858 182 2928 Quid
207 2860 231 2917 si
253 2861 316 2938 quis
339 2858 494 2937 baptizaret
509 2855 629 2916 subhac
644 2856 687 2915 vel
701 2856 785 2915 simili
798 2854 979 2919 conditione:

65 2940 129 3018 llgc
141 2948 171 2999 te
185 2940 311 3018 bapizao,
322 2943 373 3015 du.
391 2943 423 2997 si
436 2942 482 2998 ain
489 2939 720 3017 predestinatus
728 2961 739 2996 .·
760 2957 798 2997 an
806 2936 898 3007 aalide
911 2935 980 3014 bap·

65 3020 168 3087 uehit,
187 3023 343 3099 supposito,
364 3020 438 3100 qubd
452 3023 489 3078 sit
501 3017 731 3098 praedestinatus?

99 3102 188 3180 Resp.
206 3102 319 3180 Sylvius
332 3104 380 3171 ait,
389 3108 495 3180 partem
504 3101 660 3176 negativam
676 3120 736 3157 esse
750 3097 980 3167 vcnaimiliorem3

58 3186 125 3262 'qnia
137 3182 203 3242 talis
216 3182 338 3241 conditio
348 3194 391 3240 est
399 3184 511 3240 omnino
521 3182 613 3238 aliena
623 3180 658 3239 ab
669 3180 795 3240 humana
805 3179 980 3257 cognitione:

68 3264 112 3403 :liii
132 3272 227 3323 nmen
252 3262 410 3332 affirmant;
433 3264 500 3340 quia
519 3264 547 3320 in
558 3265 699 3340 supposito
717 3263 812 3321 omnia
824 3257 982 3317 essentialia

113 3353 175 3404 unt.

106 3425 160 3485 vl.
175 3425 225 3484 Ex
239 3424 319 3485 dictis
333 3423 441 3503 collige,
456 3421 534 3502 quod
544 3442 683 3502 apponere
693 3424 876 3481 Sacramauto
889 3418 984 3479 condi·

70 3508 164 3565 ionem
179 3506 215 3565 de
235 3506 327 3567 futuro
339 3524 448 3585 semper
460 3508 496 3562 eit
508 3523 591 3581 grave
605 3504 799 3584 sacrilegium:
821 3503 888 3583 quia
900 3521 985 3581 expc-

73 3590 139 3647 nitur
147 3588 361 3650 Sacramentum
372 3586 498 3668 periculo
511 3583 650 3645 nullitatis.
