2130 3990
64 184 124 251 loa
439 202 619 253 autmarus

61 352 983 513 rootinteremerit,retrardi:

64 514 143 575 dieat
155 519 271 583 motum,
292 514 393 587 initio,
413 517 437 574 si
449 514 603 593 perieulum
622 512 796 593 impendeat,
816 514 983 597 baptizem

65 602 165 655 etium
188 597 310 655 sinatus
329 597 523 674 supervixerit,
543 596 597 654 erit
608 595 661 654 sub
674 594 983 677 eonditionebeptimu·

64 676 161 738 dus...
181 677 207 735 si
233 678 299 734 vere
312 676 352 734 ita
374 676 535 756 baptizatus
549 675 652 735 deinde
665 683 791 737 mortuus
804 674 940 757 prodietit
952 698 982 743 ex

64 766 157 825 utero,
175 756 261 817 debet
271 759 301 815 in
315 756 393 816 Looo
407 758 496 816 Seoro
509 755 648 836 sepeliri.”

106 837 185 898 Vide
197 839 283 897 etiam
306 836 453 897 Pastorale
467 847 602 911 nostrum,
621 842 651 914 et
664 838 695 897 S.
711 838 820 903 Thoen.
834 842 931 920 quaet.
945 838 984 901 68.

65 929 119 984 ert.
145 923 191 978 li.
205 917 243 979 ed
257 917 287 979 4.
302 916 384 979 idem
404 917 502 979 dieunt
525 920 649 989 Neesen,
671 918 798 991 Bilinert,
820 916 877 981 doe.
898 928 986 981 eontra
1004 972 1011 995 ,,

65 1002 215 1069 Dnelman,
237 1002 363 1079 quamvis
386 999 493 1060 ablutio
517 997 595 1059 feote
626 998 724 1061 fnisset
749 1003 779 1060 in
809 1008 923 1082 peotote
947 1002 984 1065 td
1008 998 1011 1033 ³

63 1102 112 1142 sca
131 1081 195 1141 otis.
1009 1082 1011 1125 5

107 1104 186 1234 doti
212 1162 237 1221 si
249 1160 342 1221 infans
364 1164 393 1222 in
407 1161 456 1223 illo
471 1181 537 1221 oasu
551 1162 725 1222 necessitatis
738 1160 913 1243 baptizatus,
931 1181 985 1245 up

64 1248 94 1305 in
109 1263 207 1315 manu,
227 1241 331 1302 deinde
343 1246 453 1304 emittat
460 1251 545 1322 eaput
556 1243 568 1301 i
1009 1292 1011 1311 ;

106 1324 143 1384 R.
157 1323 228 1384 Sine
253 1323 389 1383 diletione
411 1333 456 1383 est
481 1324 534 1383 sub
558 1321 719 1383 conditione
730 1324 986 1406 rebaptizandusiu

67 1408 162 1486 eapite
187 1409 213 1465 si
240 1404 392 1485 perieulum
413 1412 584 1485 perseverem
605 1405 676 1465 aliis
698 1413 795 1465 autem
815 1406 988 1487 expectauit

71 1497 145 1548 esset
156 1485 251 1547 totalis
264 1489 384 1565 egressio
398 1506 435 1545 ex
448 1496 536 1546 utero.

108 1568 187 1628 Idem
200 1566 412 1639 observandum,
432 1570 457 1627 si
476 1570 506 1626 in
519 1564 682 1646 hujusmodi
691 1566 816 1647 periculo
835 1567 988 1649 Baptismus

88 1652 156 1711 ussit
179 1648 341 1709 notabiliter
352 1651 454 1711 certior
466 1647 564 1708 reddi:
583 1668 609 1707 v.
631 1668 659 1727 g.
673 1647 766 1708 infans
779 1655 865 1709 antea
886 1650 989 1711 tantini

67 1670 227 1811 Baptizatus
239 1733 269 1789 in
283 1728 375 1808 digitis
398 1729 513 1811 pedum,
530 1729 601 1809 jam,
624 1730 748 1809 periculo
761 1728 857 1791 adhue
869 1740 988 1811 urgente,

68 1816 99 1872 in
109 1815 175 1892 ipsis
187 1810 305 1892 pedibus
318 1812 370 1891 sub
385 1811 546 1891 conditione
559 1810 698 1890 baptizari
712 1809 806 1871 debet.

109 1893 165 1952 Sed
181 1890 249 1971 quid
269 1893 293 1950 ei
315 1894 345 1952 in
357 1894 437 1973 perte
450 1893 626 1972 prominente
648 1911 686 1950 ex
699 1900 778 1951 utero
790 1912 848 1953 non
862 1902 991 1975 epperest

67 1971 330 2136 vndtdllgtdlpiltizdetur
341 2054 371 2113 iu
398 2052 448 2112 illa
460 2060 539 2132 perte
552 2053 604 2112 sub
619 2052 820 2114 conditionem
835 2057 925 2126 eivis3
946 2055 991 2115 ob-

69 2141 213 2196 stetricum
226 2137 302 2194 enirn
329 2135 506 2215 experientiis
527 2133 736 2214 deprehensum
751 2144 802 2205 est,
825 2136 909 2216 quod,
931 2136 991 2197 liost

66 2220 95 2277 in
109 2227 188 2297 parte
201 2219 240 2276 sic
263 2219 436 2296 prominente
450 2235 507 2273 non
522 2225 657 2296 appareat
670 2219 782 2294 signum
802 2219 879 2291 vitae,
901 2224 991 2299 postea

67 2309 162 2359 temen
186 2300 276 2358 vivere
297 2294 531 2375 deprehendatur.
571 2297 604 2355 Si
617 2306 723 2370 temen,
744 2301 848 2377 inquit,
857 2298 990 2359 Manuale

68 2388 203 2448 nestrum,
231 2384 327 2459 postea
352 2397 409 2436 non
433 2380 594 2458 appamerit
619 2379 729 2456 siguum
743 2380 816 2450 vitae,
838 2399 895 2440 non
909 2388 991 2463 potet

68 2461 182 2541 sepeliri
196 2462 224 2518 in
240 2459 317 2519 Looo
329 2458 426 2517 Sauro.

189 2621 232 2680 N.
250 2622 280 2680 8.
301 2619 360 2680 DE
388 2617 642 2681 ABLUTIONn
665 2620 875 2684 OCCISIVA·

70 2786 94 2845 1.
123 2780 214 2843 Valet
238 2781 349 2842 ablutio
373 2800 407 2841 ea
430 2787 521 2860 parte
541 2785 666 2843 matem'ae
682 2785 818 2843 eooisioae.
861 2783 902 2845 ΙΙ.
918 2780 991 2846 Idem

110 2867 178 2924 dum
193 2870 236 2922 eet
249 2867 284 2922 de
296 2866 475 2923 sooooioioa.
497 2862 556 2924 ΙΙΙ.
573 2864 679 2924 Plures
693 2885 712 2924 a
729 2876 845 2925 armant.
869 2866 923 2926 lv.
939 2866 993 2926 Set

109 2947 285 3004 eontrarium
299 2950 343 3005 est
351 2942 548 3024 probabilius.
589 2946 629 3004 V.
645 2945 688 3004 Ob
732 2948 937 3026 sepetiendum
950 2966 992 3005 oe·

110 3023 295 3086 celerationie
308 3030 411 3085 mortis
424 3045 483 3084 non
497 3033 543 3086 est
556 3030 735 3087 omittendus
750 3028 934 3107 Baptismus.

110 3190 160 3248 Ars
186 3185 280 3247 validis
308 3185 449 3245 confertur
473 3186 633 3266 Baptismus
647 3208 698 3269 per
711 3188 886 3252 ablutionem
899 3192 994 3253 oooiai·

70 3291 133 3331 vam
147 3270 159 3328 i

112 3352 136 3410 Ι.
154 3350 191 3409 R.
215 3349 375 3430 Duplioiter
387 3353 480 3426 potest
498 3366 558 3408 esse
585 3352 723 3409 oooisiva:
744 3353 926 3413 oneratione
940 3372 995 3413 ma·

68 3434 154 3504 teriae,
175 3437 207 3490 ut
219 3434 243 3490 si
253 3429 346 3490 infans
360 3429 436 3509 equi
449 3427 567 3489 ferventi
577 3439 627 3489 aut
640 3435 774 3492 venenati
787 3432 959 3515 baptizetur:
970 3440 997 3493 et

69 3513 132 3575 talis
146 3510 252 3570 ablutio
274 3508 379 3568 suffieit
390 3509 428 3571 ed
440 3510 564 3570 valorem
579 3512 734 3591 Baptismi3
756 3516 824 3595 quia
844 3534 909 3575 vore
922 3516 997 3597 equi·

70 3592 137 3653 dem
151 3600 247 3651 manet
259 3590 368 3650 ablutio
380 3590 503 3661 moretis,
518 3589 574 3652 dae.
589 3592 656 3653 Alie
669 3592 771 3653 dieitur
784 3597 906 3657 oooisiva
912 3596 952 3658 de
959 3616 997 3667 se,

69 3694 119 3733 seu
138 3675 247 3733 ratione
258 3674 382 3744 actionis,
405 3680 438 3732 ut
449 3675 473 3733 si
486 3676 549 3752 quis
562 3676 691 3757 projiciet
704 3695 825 3756 puerum
838 3677 867 3739 in
881 3687 999 3759 puteum

70 3756 112 3817 vet
125 3754 234 3818 nonos
247 3753 310 3819 siue
318 3773 368 3837 spe
380 3754 551 3835 emergendi

655 3926 742 3970 ἡ
789 3923 792 3928 .
