2130 3990
377 191 419 236 nu
435 192 650 237 roccamaura.
912 173 974 237 263

48 341 111 397 tiam
137 338 213 398 eninr
227 335 263 397 ad
278 338 407 418 primum,
428 340 497 418 quia
523 337 747 397 manducabatur
771 349 835 397 attur
850 337 975 397 Panibus

50 416 215 499 azymis...
227 424 360 498 quantum
388 422 453 479 raro
466 419 504 479 ad
517 418 681 489 secundum,
699 418 767 494 quia
779 417 978 479 immolabatur

49 497 88 558 ab
108 501 193 559 omni·
210 499 388 560 multitudine
414 500 537 563 filiorum
563 498 656 559 lsmil
676 497 760 559 Luna
776 500 819 561 14.
834 498 908 579 quod
922 499 977 560 fuit

49 580 142 658 figura
153 581 296 641 Passionis
323 581 439 653 Christi,
461 585 509 660 qui
535 589 648 661 proptor
670 582 861 640 innocentiam
875 581 977 643 dicitur

50 664 161 741 Agaue.
205 661 351 731 Quantum
364 666 426 722 uerri
438 661 477 723 ad
495 660 641 735 effectum,
665 664 793 740 quiapet
811 664 981 740 anagninam.

52 741 128 819 Agni
151 740 297 803 Paschalis
318 747 437 824 protecti
450 752 516 804 sunt
539 741 592 802 tilii
606 742 691 801 lsrael
705 743 724 799 it
738 742 901 802 devastante
914 743 975 803 An·

84 824 123 895 ta,
145 832 175 884 at
194 823 287 885 adacti
302 823 338 885 da
364 823 542 908 AEgyptiaca
555 825 695 884 servitute.
736 823 777 883 m
790 828 926 900 quantum
940 826 976 884 ad

52 843 887 1067 iuriatriumuiratum¹¹³

139 1030 149 1059 ,
807 1029 813 1043 .

58 1167 91 1227 Ν.
107 1166 137 1226 3.
153 1169 213 1230 Da
233 1165 802 1310 EXISTEN'RIIgTSIrJgRAMENTI
817 1166 975 1229 auctm-

161 1442 182 1471 ·⁴
292 1426 323 1491 S.
340 1430 440 1491 Thoar.
456 1441 550 1520 queat,
565 1431 615 1492 37.
636 1441 691 1491 art.
709 1431 735 1491 1.

51 1610 73 1687 i.
86 1611 285 1677 Euchariatr‘o'
298 1623 341 1674 eat
365 1632 439 1674 roae
461 1613 542 1690 legia
566 1613 796 1674 Sacramentum.
838 1610 880 1673 ΙΙ.
896 1613 974 1692 Ejus

87 1695 227 1765 definitio,
251 1695 308 1754 111.
324 1706 352 1755 ct
364 1693 536 1774 differentia
549 1694 585 1754 ab
599 1693 669 1756 aliia
682 1694 891 1759 sacramentis,

85 1876 111 1935 1.
126 1877 372 1945 Eucuaarsmant
400 1901 460 1938 arse
487 1899 582 1938 verum
597 1887 626 1938 et
638 1878 750 1959 proprie
764 1877 872 1939 dictum
897 1898 972 1940 novae

48 1956 132 2036 Legis
147 1963 362 2020 Sacramentum
377 1960 525 2020 definitum
538 1971 580 2020 est
603 1964 631 2020 in
646 1960 726 2019 Trid.
740 1981 807 2019 sess.
823 1962 851 2023 7.
866 1981 927 2020 can.
946 1962 972 2019 1.

48 2040 83 2099 rte
97 2039 303 2102 Sacrameatta
321 2045 353 2102 ia
366 2060 492 2119 gencre;
515 2053 547 2102 ut
560 2046 645 2101 etiam
659 2044 688 2101 in
701 2040 826 2102 Floreat.

87 2119 160 2182 Hoc
172 2125 259 2182 etiam
282 2123 415 2203 probatur
428 2144 466 2182 ax
480 2144 521 2193 eo,
543 2124 618 2203 quod
633 2125 687 2202 ipsi
700 2125 848 2184 conveniat
860 2122 973 2184 arideu-

48 2211 90 2281 tat
113 2201 242 2263 definitio
269 2205 462 2264 Sacramenti:
483 2214 527 2262 cat
552 2206 628 2263 enirn
655 2205 764 2282 signum
778 2203 908 2263 sensibile
921 2224 974 2284 per

48 2286 157 2362 anactea
180 2288 259 2362 panis
285 2287 400 2344 etvini:
414 2288 433 2345 ai
448 2285 562 2344 Christo
576 2287 747 2359 institutum,
769 2294 800 2343 nt
812 2292 922 2345 coastat
935 2306 975 2349 ex

48 2364 156 2434 Matth.
181 2385 242 2443 cap.
268 2366 317 2424 ⁶26.
340 2367 431 2426 Marci
451 2382 513 2446 cap.
537 2366 582 2425 14.
599 2366 685 2426 Lucae
697 2386 758 2446 cap.
774 2365 823 2425 22.
840 2377 870 2426 et
895 2366 922 2424 l.
936 2366 973 2426 ad

48 2444 111 2505 Cor.
125 2464 190 2524 cap.
208 2449 255 2505 ll.
268 2447 355 2526 idque
368 2466 532 2526 permanans
545 2454 573 2506 et
585 2447 699 2518 stabile,'
707 2449 792 2527 juxta
803 2447 872 2508 illud
887 2448 973 2507 Lucae

48 2545 107 2606 uap.
121 2525 173 2605 22.
199 2528 245 2586 19.
288 2528 358 2588 Hoc
368 2528 473 2605 facite
495 2532 527 2588 tn
540 2546 633 2588 meam
653 2534 970 2589 commemorationem:

48 2616 89 2665 aet
116 2610 272 2686 practicam
300 2610 401 2686 gratim,
419 2609 505 2687 juxta
532 2609 600 2669 iliud
622 2611 743 2669 Joannia
758 2631 820 2689 cap.
836 2609 864 2669 (i.
879 2632 905 2672 v.
920 2609 971 2672 59.

51 2687 112 2754 Qua
123 2692 283 2747 manducat
296 2692 374 2750 aune
383 2710 499 2769 panem,
522 2695 598 2751 vivet
612 2695 643 2750 r'n
657 2698 797 2759 aternum,
820 2687 875 2751 &a

86 2767 179 2828 Porro
194 2770 253 2828 haec
267 2775 365 2830 veritas
378 2783 435 2830 tam
460 2771 536 2830 clara
549 2783 599 2838 est,
617 2783 651 2831 ut
665 2793 701 2830 ne
715 2771 829 2852 quidem
844 2772 971 2831 moderni

50 2844 185 2909 Haerctici
198 2851 295 2926 (modi)
305 2853 419 2933 aliquod
431 2853 644 2912 Sacramentum
655 2851 819 2929 admittant)
835 2854 911 2912 iliam
923 2875 971 2911 ne-

49 2941 130 3007 gent5
152 2931 221 2991 licet
244 2935 274 2991 in
297 2937 376 2993 variis
400 2937 511 3012 punctis
533 2935 607 2992 circa
620 2937 674 2996 hoc
689 2935 902 2994 Sacramentum
916 2936 971 2993 dis·

49 3015 203 3073 mutiantat
218 3012 385 3087 Catholicis,
398 3024 427 3073 at
439 3017 510 3073 inter
530 3034 568 3070 se.

82 3093 166 3165 Quid
180 3103 222 3153 est
234 3095 448 3155 Sacramentum
465 3094 678 3155 Eucharistiae?

86 3173 131 3234 ΙΙ.
160 3175 199 3235 R.
228 3176 378 3237 Ordiuarie
404 3176 550 3235 definitur:
574 3179 789 3237 Sacramentum
816 3181 834 3234 a
860 3175 973 3234 Christo

51 3252 175 3314 Domino
188 3258 357 3332 institutum,
378 3258 452 3337 quod
468 3257 519 3316 sub
533 3258 678 3337 speciebus
704 3261 782 3337 punis
796 3267 825 3315 et
839 3260 891 3316 vini
905 3277 972 3316 cou-

50 3338 159 3395 aecratis
173 3342 298 3396 continet
311 3339 421 3420 Corpus
436 3349 466 3398 et
479 3337 650 3416 Sanguinem
666 3339 771 3398 Christi
796 3338 830 3397 ad
846 3340 971 3418 spiritua-

50 3417 236 3557 ldamNhominia
247 3421 438 3482 reiectionem·
480 3421 554 3480 Haec
568 3421 694 3479 definitio
708 3420 815 3499 patebit
829 3441 865 3478 ex
874 3421 973 3480 uicen-

66 3500 90 3556 is
138 3500 244 3562 um.⁴5.

88 3578 238 3640 Quomodo
252 3580 345 3642 diflert
361 3581 537 3643 Eucharistia
551 3585 568 3640 a
582 3585 692 3642 caetaris
706 3584 918 3643 sacramentis?

89 3660 125 3719 R.
155 3660 260 3723 Precor
286 3662 379 3740 pluma
403 3663 583 3738 differentias,
606 3663 641 3725 da
668 3665 769 3745 quibus
792 3667 821 3724 in
845 3666 970 3734 decursu,

52 3742 188 3827 praeuia&
202 3742 266 3804 duae
281 3753 354 3804 sunt.
450 3788 454 3795 .
