2130 3990
120 170 170 241 72⁸
505 185 681 231 numianus

119 351 194 404 ,sesa
204 332 237 403 -7,
252 351 315 403 can.
329 328 360 391 3.
375 330 410 389 de
425 329 556 391 Sacram.
572 336 604 397 in
617 351 736 410 genere,
746 349 833 391 unum
843 333 1034 394 Sacramenta

129 432 205 472 nove
218 412 301 489 Legis
314 418 363 483 est·
374 411 470 471 allero.
482 411 620 490 dignust
633 415 711 493 atqui
725 432 812 476 eausa
824 414 943 475 nobilior
951 423 986 473 ‚et
998 414 1034 495 dip

120 496 190 557 ,nior
215 494 251 553 de
273 512 306 552 se
328 491 490 553 nobiliorem
507 513 566 561 ‚seu
592 494 729 572 majorem
751 494 879 574 producit
905 494 1034 557 effaetum

123 598 147 635 ,e
178 593 204 641 o,
227 577 281 635 &a
829 626 832 631 .

148 592 240 734 fgObj.
257 656 332 733 Ergo
345 654 562 714 Sacramentum
574 653 766 725 Eucherium,
788 657 862 736 quod
876 666 922 716 est
931 656 1034 737 digaias

121 757 218 806 reum,
240 756 326 813 porse
339 735 474 813 majorem
488 754 547 815 praa
561 738 669 799 caeteris
684 736 791 797 'confort
806 738 947 799 Gratiam

172 818 210 877 R.
227 817 293 876 Hoc
305 815 484 896 probabiliter
496 817 553 877 diei
566 824 677 895 potest:
699 819 766 896 quia
779 828 875 891 tamen
889 819 944 879 hoc
958 820 1034 883 Sacri

125 907 255 967 mentum
268 900 424 957 institutum
438 907 484 957 est
493 898 578 958 veluti
592 897 630 957 ad
643 900 803 959 continuam
818 903 1008 981 nutritionem,
1020 924 1034 963 :c

129 987 332 1058 consequenter
358 988 389 1037 ut
412 977 584 1058 frequentius
611 982 770 1058 recipiatur,
789 981 852 1041 ideo
865 1002 925 1041 non
939 1002 1034 1045 -naoeu

125 1061 246 1135 ridetur,
265 1070 308 1128 ut,
329 1061 440 1137 quoties
453 1062 580 1134 sumitur,
600 1062 684 1119 toties
696 1061 833 1139 majorem
849 1062 979 1129 Gratiam
990 1084 1034 1125 eoo

122 1144 209 1216 forat,
228 1143 314 1221 quim
329 1141 487 1220 Baptismus
496 1140 586 1201 semel
598 1133 751 1221 susceptus,
772 1144 815 1203 vel
830 1145 1034 1205 Confirmatioe

129 1223 219 1283 Ordo.
1027 1268 1030 1277 .

167 1305 226 1365 Ill.
243 1303 283 1364 ut
304 1302 370 1363 hino
394 1301 480 1363 docet
493 1302 615 1373 Neesen,
637 1303 714 1382 quod
735 1304 903 1379 Baptismus,
924 1300 1033 1388 quispe

127 1385 242 1445 modum
262 1386 485 1463 ,regenerationis
508 1394 551 1443 est
572 1387 719 1453 institutus,
742 1387 906 1465 ampliorem
928 1386 1034 1449 viduatu

126 1487 175 1546 per
188 1488 219 1526 se
231 1466 357 1526 conferre
372 1463 509 1535 Gratiam,
531 1468 619 1545 quim
632 1466 689 1524 alia
702 1465 901 1527 Sacramenta:
918 1469 1034 1537 item-Sa

124 1556 272 1609 aramenta
290 1547 514 1607 confirmationis
538 1555 569 1605 et
592 1545 716 1615 Ordinis,
738 1567 787 1628 per
800 1567 862 1627 quae
875 1547 1034 1628 peculiarite

104 1648 105 1652 ¹
127 1629 226 1699 dicitur
240 1627 368 1689 'conferri
383 1628 509 1706 Spiritus
522 1628 651 1695 Sanctus,
674 1627 797 1687 conferre
818 1628 947 1697 videntem
960 1632 1033 1691 uberi

126 1730 187 1768 ores
198 1706 324 1779 Gratias,
346 1709 432 1784 quem
445 1709 629 1767 Sacramenta
642 1709 786 1768 iterabilia.
830 1711 943 1770 Dicitur
957 1721 1034 1773 tamer

128 1791 307 1851 Eucharislia
318 1810 374 1870 prae
387 1789 450 1849 aliis
460 1789 584 1853 conferre
597 1789 759 1866 digniorem.

166 1872 214 1931 An
228 1872 410 1930 Sacramenta
422 1871 480 1930 solo
494 1890 611 1931 numero
623 1873 761 1943 distincta,
785 1880 816 1930 nt
825 1880 890 1933 sunt
902 1870 960 1932 duo
975 1873 1034 1954 Bap

123 1955 208 2022 tisud,
229 1952 368 2032 aequalem
382 1951 526 2011 conferunt
540 1951 691 2014 Gratiam?
913 2001 916 2005 ,
1006 2004 1012 2015 ,

144 2082 149 2091 .
166 2034 222 2093 IV.
237 2034 275 2094 R.
289 2031 449 2112 AEqualiter
461 2032 599 2112 dispositis
613 2033 751 2111 aqualem
763 2031 907 2094 conferunt
919 2055 958 2093 ex
968 2032 1033 2115 oper

126 2126 256 2192 operato:
279 2116 353 2193 quia,
374 2125 501 2192 utsupra
515 2114 685 2186 dictumest,
706 2117 890 2175 Sacramenta
902 2126 1034 2195 operantu

126 2197 249 2257 adinstar
272 2215 419 2255 causarum
444 2196 623 2268 naturalium,
644 2196 748 2273 quaein
762 2197 890 2274 subjectis
904 2198 1034 2276 aequalite

126 2278 265 2355 dispositis
280 2276 416 2355 aqualem
431 2284 547 2334 causant
559 2276 699 2334 effectum.

127 2395 130 2400 -
149 2358 204 2418 u.
220 2356 502 2437 inequalitertamen
526 2355 663 2435 dispositis
681 2355 812 2415 Gratiam
825 2355 971 2418 conferunt
982 2358 1034 2417 iun

125 2439 244 2518 qualem,
265 2437 400 2514 majorem
414 2438 458 2496 vel
469 2439 607 2497 minorem
620 2438 706 2497 etiam
719 2458 756 2495 ex
770 2457 853 2515 opere
867 2448 1003 2514 operato:
1023 2457 1034 2495 e

124 2524 165 2577 ita
177 2520 212 2578 de
227 2521 374 2598 Baptismo
389 2517 521 2599 expressis
542 2516 621 2577 docet
634 2519 664 2578 S.
680 2518 738 2576 Th.
754 2528 842 2597 quaest
855 2517 903 2578 69.
918 2528 961 2578 art
975 2522 1006 2578 8.
1020 2521 1031 2578 i

129 2602 215 2678 Corp.
258 2609 275 2632 ‘⁶
289 2600 409 2671 Quidam
434 2619 498 2658 eum
520 2599 628 2677 majori,
649 2599 763 2678 quidam
778 2619 842 2657 eum
856 2603 954 2658 minori
967 2601 1034 2660 devo

111 2677 145 2717 ‘²‘
160 2684 235 2740 tione
262 2680 299 2740 ad
327 2681 502 2759 Baptismum
531 2680 686 2740 accedunt:
707 2689 736 2738 et
759 2679 822 2739 ideo
849 2680 965 2756 quidam
980 2681 1034 2762 plm

126 2770 146 2827 “y
158 2761 273 2843 quidam
287 2764 377 2821 minus
391 2761 426 2820 de
442 2761 542 2821 Gratia
554 2763 683 2822 novItatis
698 2759 866 2842 accipiunt.''

165 2844 235 2924 0bj.
256 2845 413 2922 Dispositio
422 2842 472 2902 illa
484 2861 512 2901 se
523 2851 601 2902 tenet
622 2850 746 2922 exparte
761 2845 921 2922 operantis:
945 2863 1015 2923 ergo
1027 2866 1034 2903 s

124 2926 205 2984 detur
229 2926 288 3003 plus
312 2925 420 2983 Gratiae
441 2924 477 2985 ob
500 2925 635 3004 majorem
648 2923 865 3002 dispositionem,
887 2923 1034 2985 debitore:

124 3026 205 3088 opere
218 3008 366 3082 operantis.

165 3089 203 3146 R.
233 3088 309 3164 Neg.
324 3106 433 3165 conseq.
462 3085 537 3144 Vide
561 3086 727 3145 solutionem
742 3084 905 3164 objectionis
918 3088 1034 3149 secunde

122 3189 201 3229 nom.
218 3167 264 3226 18.
994 3190 997 3197 ·

156 3251 259 3325 ‘Potest
272 3256 367 3307 tamen
382 3247 528 3327 dispositio
541 3249 626 3307 etiam
636 3248 811 3319 considerari,
825 3251 993 3328 inquantum
1008 3271 1034 3311 es

122 3351 191 3408 opus
205 3332 351 3410 operantis,
367 3337 396 3388 et
409 3333 449 3387 sic
463 3348 524 3387 esse
537 3331 676 3389 meritoria
689 3333 833 3409 augmenti
847 3329 953 3391 Gratiae
967 3335 996 3392 in
1007 3353 1034 3391 se

120 3415 162 3471 ita
174 3423 207 3471 nt
220 3413 327 3493 duplex
341 3413 493 3492 reperiatur
506 3408 612 3469 Gratia
625 3421 819 3488 augmentum
841 3431 930 3469 unum
945 3433 1034 3473 cortes

121 3493 244 3571 pendens
267 3495 439 3573 dispositioni
459 3499 595 3572 tanquam
625 3494 765 3567 moritum,
800 3494 919 3552 alterum
948 3496 1034 3554 Sacra

121 3584 216 3633 mento
230 3583 366 3653 tanquam
375 3574 501 3635 effectus.

163 3657 212 3716 iix
225 3654 308 3716 dictis
321 3656 470 3735 colligitur,
494 3655 621 3716 Gratiam
644 3653 782 3739 aqualem
793 3656 913 3718 conferri
927 3659 1034 3738 parsuli

644 3932 706 3961 Α.
