2130 3990
92 170 155 232 282
465 184 647 231 nnsonsnus

91 338 161 393 vitis
175 353 248 392 vern
266 334 291 392 l.
306 331 343 391 ed
359 332 422 390 Cor.
440 332 486 391 lu.
498 352 524 392 v.
538 332 567 390 4.
591 332 681 390 Petra
690 341 786 392 autem
798 339 867 390 erat
878 329 1016 403 chrestus,

95 414 170 474 Gen.
197 414 248 473 ll.
271 435 297 472 v.
311 413 359 471 26.
397 413 510 492 Septem
525 412 609 471 bones
617 412 752 492 pulchre
774 418 804 471 et
816 420 933 490 reptent
942 415 1021 491 sptbs.

86 495 191 575 plene,
212 503 318 572 septem
335 493 469 552 ubertatis
482 496 556 552 anni
567 500 644 553 sunt.

137 577 173 635 R.
191 576 300 635 Verum
314 584 366 647 est,
380 573 451 653 quud
461 578 488 633 in
500 576 592 634 multis
606 574 759 656 Scripturas
769 574 840 635 loeis
855 573 967 632 verbnm
980 586 1014 634 est
1045 581 1059 637 l'

93 668 219 717 sumatur
233 656 381 736 improprie
404 665 435 714 et
446 656 581 734 figuratb3
603 655 653 715 sod
666 656 747 717 illud
761 663 835 717 tune·
844 676 881 713 ex
908 657 1012 714 circum
1045 637 1059 694 l

94 741 212 802 stantib,
237 742 304 815 puts
326 739 436 808 somnii,
457 737 607 815 perebolae,
627 736 683 796 &u
707 737 851 796 evidenter
874 734 1011 812 colligitur.

94 829 125 878 ut
139 820 214 899 epud
230 822 391 899 interpretes
406 819 512 877 etalios
526 817 573 876 hio
581 817 670 877 videri
680 825 789 898 potest;
805 821 835 877 iu
851 836 920 877 cusu
933 824 1011 877 wien

94 900 181 960 nullee
197 901 413 957 circumstantie
426 898 500 957 idern
516 898 662 970 denotant,
677 899 728 959 sed
742 919 840 959 omnes
853 900 947 980 potiris
959 918 1012 958 eon·
1044 898 1059 939 ἒ

95 984 219 1049 tretium,
240 990 272 1037 ut
285 990 396 1040 constet
406 1001 443 1039 ex
459 978 551 1040 dictis.
1044 984 1051 1055 f

137 1061 272 1119 Haeretici
295 1061 407 1139 quidem
422 1059 616 1140 metaphoram
639 1069 748 1140 ponunt
760 1061 789 1120 iu
804 1059 899 1121 verbis
916 1059 1013 1139 Corpus

95 1149 123 1203 et
137 1142 298 1217 Satrgur's;
313 1142 363 1201 sed
373 1142 427 1201 boc
438 1140 522 1201 facile
531 1140 667 1200 refellitur
676 1161 712 1199 ex
725 1162 768 1211 eo,
784 1141 862 1219 quud
872 1139 1014 1219 Apostolus

96 1224 126 1283 l.
145 1223 183 1281 ad
207 1223 272 1280 Cor.
291 1220 336 1280 ll.
352 1243 377 1282 v.
392 1220 627 1281 sejunxistis:
650 1221 719 1281 Hoc
733 1229 778 1282 est
792 1222 911 1300 Corpus
924 1241 1013 1296 mesu,

95 1301 247 1380 subjungat
259 1323 264 1358 :
282 1302 432 1382 Quodpro
444 1301 521 1361 uobis
533 1305 665 1362 tradetur
674 1326 686 1369 ,·
703 1302 860 1363 Mattheus
871 1311 903 1361 et
912 1300 1014 1363 Maron

96 1386 194 1444 verbis:
212 1383 283 1461 ,Hie
305 1394 349 1444 est
372 1385 504 1461 Sanguis
517 1404 609 1455 mens,
630 1383 751 1445 addent:
776 1383 841 1450 Qui
856 1382 1014 1464 promultb

96 1465 270 1544 effundetur.

96 1671 138 1730 n.
152 1626 203 1728 nsss
231 1669 343 1728 mnu
367 1667 771 1809 nonuplpprpsnwn
793 1620 858 1729 nx*
873 1660 1016 1729 resur.

99 1954 125 2015 Ι.
142 1952 294 2013 Probatur
301 1973 339 2011 ee·
352 1946 535 2012 Trndr'tr'one.
548 1948 589 2011 Il.
598 1953 641 2013 Et
650 1954 1016 2032 eeoontn'nuapossessione.

138 2030 521 2175 ἕέΙὲεαηίινῑῖιΜὶνασαῖὼ.
548 2032 603 2093 IV.
620 2033 810 2113 Regnloepro
823 2032 1015 2112 intelligentia
1057 2107 1059 2112 Ι

141 2319 164 2376 Ι.
182 2321 217 2377 ln
232 2318 309 2376 clare
323 2317 425 2396 probet
438 2320 509 2377 inter
528 2316 595 2376 alios
611 2316 801 2376 Bellerminus
814 2332 853 2376 ex
869 2319 982 2376 Petrum
993 2325 1017 2376 et

101 2400 290 2458 Consiliorum
303 2399 498 2472 Testimoniis,
519 2418 581 2477 qnae
595 2400 750 2478 intempore
764 2398 963 2479 Apostolorum
977 2418 1017 2480 per

99 2485 139 2539 sin
162 2482 220 2537 uias
235 2487 329 2537 eetates
347 2478 481 2538 Ecclesiae
496 2479 619 2538 deducit.
725 2548 728 2553 ζ

141 2500 181 2618 ll.
198 2560 280 2618 ilem
295 2559 409 2617 ulterius
429 2561 532 2619 invicte
553 2560 688 2640 probetur
711 2580 747 2620 ex
763 2564 969 2641 prescriptione
977 2579 1016 2619 seu

101 2644 236 2701 continue
249 2644 422 2719 possessione
446 2642 501 2699 boe
524 2642 625 2700 modo:
646 2651 752 2701 certum
766 2652 816 2706 est,
840 2643 918 2722 quod
931 2642 1017 2701 seculo
1043 2610 1059 3541 X

102 2724 252 2781 undecimo
264 2731 389 2800 tempore
397 2722 556 2799 berengerii
566 2724 751 2781 totueoolesiu
760 2723 915 2783 Catbolioe
925 2724 1017 2782 realem
1050 2734 1059 2743 '

103 2805 209 2862 Christi
227 2807 256 2861 in
283 2804 462 2861 Euolaeristia
475 2805 651 2882 praesentiam
666 2814 834 2882 agnosceret,
855 2814 890 2863 ut
902 2814 976 2884 patet
988 2822 1018 2861 err

101 2888 161 2962 ipse
177 2885 353 2942 confessione
372 2886 529 2961 berengerii
543 2884 659 2963 ejusque
676 2885 930 2953 condemnatione3
952 2887 1019 2963 atqui

102 2967 210 3023 nullum
227 2973 266 3023 est
275 2964 441 3042 assignabile
450 2975 567 3044 tempus,
584 2985 640 3044 quo
650 2966 699 3024 illu
709 2965 777 3024 fides
787 2968 857 3025 sitin
871 2966 1020 3024 Ecclesiam
1053 2988 1059 3007 =

103 3047 279 3114 iutrodnota3
303 3045 377 3122 quod
402 3054 496 3104 temen
525 3047 635 3104 ostendi
662 3057 766 3126 posset,
789 3051 888 3105 sinon
910 3047 1021 3104 essetab

70 3172 72 3177 .
102 3130 170 3204 ipsis
183 3126 326 3205 Apostolis
342 3135 370 3183 et
384 3126 505 3194 Christo,
528 3131 592 3202 quie
605 3127 747 3188 debuisset
760 3148 822 3185 esse
834 3138 934 3206 postes
946 3131 1021 3185 intro
1057 3196 1059 3201 Ι

104 3209 190 3265 dueta
204 3207 246 3265 vel
257 3207 431 3264 simultane&
440 3207 483 3265 vel
495 3211 660 3267 successive
669 3230 680 3265 .·
694 3211 718 3266 si
731 3213 807 3289 prins
817 3208 905 3288 (quod
915 3209 1023 3266 omnino

103 3297 147 3346 est
166 3288 396 3367 inconceptibile)
423 3287 492 3346 illud
514 3288 612 3347 saltem
635 3297 768 3368 tanquam
787 3309 896 3348 summe
910 3289 1023 3347 admire-

98 3370 158 3426 bile
185 3369 315 3427 referrent
344 3370 493 3428 Historici:
513 3372 536 3427 si
562 3374 704 3448 posterius,
728 3391 784 3430 non
812 3373 949 3449 potuisset
976 3369 1024 3427 boo

101 3451 160 3507 fieri
174 3454 233 3507 sine
248 3451 454 3529 perturbatione
478 3459 508 3509 et
528 3452 760 3526 oontredietione,
780 3451 853 3530 quod
875 3470 914 3510 ex
931 3450 1023 3508 Histo

102 3533 163 3588 sicis
176 3531 275 3589 iterum
290 3534 423 3590 sciremus
434 3555 441 3603 ;
457 3551 522 3609 ergo
536 3530 596 3590 haeo
606 3541 648 3590 est
660 3531 728 3594 fides
740 3535 758 3592 s
770 3534 885 3593 Christo
896 3541 926 3591 et
936 3531 1024 3611 Apos-

102 3612 165 3671 tolis
178 3612 274 3671 relicta
290 3613 432 3683 Ecclesinn
455 3613 580 3692 udebqne
597 3633 666 3674 reru
