2130 3990
415 217 457 264 aa
478 220 639 266 aaarrsuo.
936 200 993 266 lau
1061 270 1064 275 ,

97 362 160 424 111.
181 362 226 424 2⁰·
245 367 372 426 Sumitor
386 361 590 448 metaphorice:
611 367 745 447 imprimis
757 384 805 446 pro
822 364 988 444 passioneot

62 442 225 522 afflictione,
246 448 302 528 qua
323 447 410 507 homo
429 450 517 508 instar
530 468 612 525 aquae
627 450 761 526 mergitur
775 454 803 504 et
816 444 990 525 absorbetur,

61 534 88 588 at
99 528 142 586 sio
157 528 247 588 Lucra
266 548 328 609 cap.
346 529 392 588 12.
407 550 432 588 v.
448 530 496 587 nu.
513 528 582 587 dicit
595 527 741 587 Christus:
763 526 920 604 Baptismo
934 526 988 585 ba·

61 606 109 666 baa
123 606 292 687 baptizari:
314 616 342 669 et
354 608 421 669 inde
435 613 521 669 etiam
536 609 638 668 dicltur
653 609 814 688 Baptismus
828 606 950 667 flaminis
961 613 991 691 et

58 691 213 766 sanguinis.
263 690 337 750 Item
350 689 448 750 eodem
463 711 544 749 sensu
559 691 673 768 intelligi
690 697 777 768 potest
791 688 943 766 Apostolus
962 686 989 743 1.

56 766 91 829 ud
117 768 185 830 Cor.
213 772 258 830 15.
281 792 307 831 v.
332 770 382 831 29.
406 772 483 837 Quat
492 773 628 849 facr’ent,
650 774 701 850 pul
721 771 908 848 baptizantur
930 787 988 845 pro

55 848 211 911 mortuis?
231 851 267 912 ld
280 862 332 927 est,
352 852 419 932 quid
433 853 548 927 facient,
569 855 616 929 qui
629 850 950 930 immerganturtristitiis
960 858 989 908 et

54 930 190 1011 operibus
203 935 374 1013 paenitentiae
389 952 437 1013 pro
450 933 594 1013 refrigerio
608 943 775 992 mortuorum
788 933 799 990 t

56 1010 159 1153 msIV.
202 1013 262 1074 Alii
290 1020 384 1074 tammr
411 1015 487 1074 hunc
517 1017 611 1075 locum
642 1014 723 1073 aliter
742 1011 901 1093 explicant:
923 1010 988 1071 uide

98 1092 183 1153 tium.
259 1150 262 1159 ,
345 1148 349 1153 .
461 1148 464 1155 .

97 1173 215 1235 Deinde
226 1177 266 1235 sio
275 1177 361 1236 etiam
374 1175 565 1255 metaphorice
578 1179 695 1235 sumitur
705 1197 755 1253 pro
768 1174 987 1234 immersionem

53 1253 168 1337 gaudiis
201 1275 231 1316 er
242 1254 410 1317 infusionem
425 1257 568 1316 Donorum
584 1257 703 1337 Spiritris
716 1258 823 1327 Sancti,
834 1263 866 1313 ιιι
879 1254 945 1313 Act.
959 1259 985 1314 l.

55 1355 81 1395 v.
103 1334 134 1394 b.
192 1354 227 1396 aa
249 1343 348 1405 autern
370 1337 592 1416 baptizabimini
615 1335 730 1416 Spiritu
745 1338 878 1400 Sancta:
900 1338 986 1394 etiam

54 1419 187 1557 gunsina
210 1416 296 1558 mpris
317 1417 395 1478 rubri
417 1418 605 1499 metaphorice
619 1419 720 1481 dicitur
733 1420 893 1499 Baptismus
907 1419 933 1475 1.
949 1415 987 1474 ad

82 1516 123 1558 or.
136 1502 186 1561 10.
201 1519 226 1557 v.
263 1543 270 1558 .

97 1578 140 1639 V.
154 1576 199 1636 3⁰·
213 1579 361 1659 Significat
373 1581 493 1645 lotiones
505 1581 609 1660 legales
628 1588 657 1642 et
669 1579 872 1641 caeremoniales
885 1579 906 1636 J
909 1577 984 1636 uda·

56 1678 145 1730 orum,
168 1680 231 1740 quae
252 1663 332 1721 variae
346 1662 522 1742 reperiuntur
534 1664 562 1721 in
578 1665 722 1743 Scriptura
738 1663 847 1720 Sacra:
868 1657 986 1736 legales

56 1742 171 1812 uincet,
184 1741 221 1801 ad
238 1742 374 1801 Hebraeos
388 1763 449 1821 cap.
466 1744 496 1804 9.
510 1764 536 1802 v.
555 1744 599 1802 10.
626 1743 817 1801 Obseruantia
829 1740 983 1800 Plurimi·-

58 1842 101 1891 σε,
119 1822 218 1883 Marci
239 1842 302 1903 cap.
317 1826 346 1884 i.
370 1843 395 1882 v.
408 1824 440 1884 3.
455 1832 484 1884 et
496 1826 526 1886 4.
551 1834 580 1884 et
594 1823 762 1903 Baptismus
774 1823 914 1893 loannis,
936 1823 984 1899 qui

59 1902 156 1963 Marci
175 1923 239 1984 cap.
257 1904 284 1966 l.
298 1923 322 1966 v.
333 1906 361 1966 4.
386 1913 500 1965 vocatur
515 1905 685 1985 Baptismus
701 1905 880 1964 Paenitentia
889 1926 902 1968 ,·
925 1914 984 1961 erat

58 1987 130 2044 enirn
155 1986 241 2045 etiam
262 1987 470 2058 caeremonialia,
492 2005 550 2047 non
564 1987 677 2065 quidem
688 1985 913 2057 Sacramentum,
934 1982 985 2043 sed

59 2065 92 2127 nd
107 2066 284 2145 Baptismum
299 2065 405 2126 Christi
418 2086 468 2147 per
480 2071 578 2147 poenit.
593 2086 764 2147 praeparans.

95 2149 137 2207 4⁰·
154 2148 290 2227 Denique
302 2168 359 2207 vox
374 2150 554 2227 Baptismus,
569 2169 622 2207 usu
632 2150 784 2226 scripturae
795 2151 824 2205 et
835 2143 984 2218 Ecclesiae,

60 2220 196 2307 significat
220 2229 395 2309 Baptismum
417 2229 532 2302 Christi,
554 2250 604 2289 seu
618 2231 741 2309 primum
754 2227 914 2303 novaelegis
929 2226 982 2285 Sa·

59 2318 239 2378 aramentum,
261 2311 279 2366 b
293 2311 405 2369 Christo
418 2313 590 2371 institutum:
611 2315 650 2370 sic
661 2311 782 2370 habetur
795 2308 902 2368 Matth.
919 2327 983 2386 cap.

60 2389 103 2450 28.
117 2412 144 2448 v.
161 2388 211 2450 19.
226 2390 418 2470 Baptizantes
432 2411 482 2452 aas
495 2395 526 2450 in
542 2391 672 2451 Nomine
685 2391 799 2459 Patria,
821 2387 875 2448 dac.

93 2468 150 2530 Vl.
174 2472 287 2540 Quibus
300 2473 361 2532 aliis
375 2472 535 2533 nominihus
549 2474 604 2532 hoc
620 2474 753 2553 Baptismi
765 2472 983 2529 Sacramentum

55 2552 82 2611 in
96 2553 247 2632 Scriptura
260 2554 346 2612 Sacra
358 2564 388 2613 ct
401 2552 477 2632 apud
489 2557 544 2612 SS.
562 2556 658 2614 Patres
672 2552 857 2631 indigitetur?
898 2612 901 2621 Ι

94 2631 170 2692 Vll.
185 2633 223 2692 R.
240 2633 344 2704 Variis,
360 2654 423 2714 quae
438 2634 622 2694 desumuntur
635 2637 736 2714 partim
748 2635 766 2691 ei
779 2635 904 2704 materia,
919 2651 984 2713 par·

58 2715 103 2773 tim
118 2716 138 2772 a
151 2712 250 2785 forma,
272 2717 374 2793 partim
390 2715 426 2774 ab
439 2714 591 2786 effectibus,
615 2712 668 2775 &c
899 2766 902 2771 .

92 2796 143 2854 Sic
166 2793 268 2854 dicitur
289 2815 312 2855 v.
336 2816 363 2875 g.
387 2797 424 2854 ad
448 2797 551 2876 Ephes.
577 2817 638 2876 cap.
662 2798 692 2856 5.
713 2814 738 2852 v.
762 2793 811 2852 26.
834 2797 983 2854 aimateria

57 2875 221 2935 Lavacrum
231 2897 308 2956 apua
317 2899 328 2934 .·
343 2876 579 2937 ufarmavocatur
593 2881 805 2936 Sacramentum
817 2877 982 2935 Trinitatis:

55 2958 202 3017 dmateria
215 2966 245 3015 et
266 2957 367 3018 effectu
391 2958 493 3018 dicitur
507 2959 543 3017 ad
558 2960 657 3017 'litum
673 2976 737 3035 cap.
748 2956 779 3015 3.
793 2977 817 3015 v.
832 2958 861 3016 5.
888 2955 983 3015 Laua-

55 3057 136 3096 crum
154 3036 408 3116 Regenerationis
418 3048 448 3099 et
461 3043 656 3099 rerroaationr's
664 3064 675 3097 .·
691 3040 709 3096 ai
721 3037 788 3097 fidei
801 3038 981 3117 professione,

54 3117 144 3179 forma
168 3129 196 3179 et
217 3117 320 3177 effectu
344 3129 459 3180 vocatur
481 3120 700 3180 Sacramentum
716 3119 819 3177 itaet:
841 3119 878 3177 ad
891 3118 982 3179 Hehr.

55 3219 118 3279 cap.
132 3200 162 3258 6.
177 3220 202 3257 v.
215 3205 244 3259 4.
257 3208 286 3259 et
298 3201 328 3258 6.
351 3201 571 3261 Sacramentum
585 3202 809 3261 illuminationis
822 3207 852 3258 et
864 3217 983 3260 renoua-

56 3281 146 3419 &⁷³²³
160 3280 195 3339 ab
212 3279 329 3341 effectu:
352 3282 498 3360 Sigillum
512 3284 558 3341 uel
568 3281 762 3361 signaculum
782 3281 981 3352 tabernatam,

95 3441 186 3501 Vlll.
207 3442 304 3502 Variae
324 3450 389 3504 sunt
402 3446 488 3504 eliam
502 3444 564 3525 ejus
578 3444 692 3521 figura:
714 3451 747 3501 ιιι
761 3442 834 3502 Arca
849 3444 927 3511 No'c,
952 3453 985 3503 ut

56 3522 174 3582 habetur
199 3527 226 3581 l.
251 3525 325 3583 Patri
345 3546 408 3605 cap.
429 3525 459 3584 3.
483 3546 508 3584 v.
533 3525 582 3585 21.
605 3528 671 3584 item
696 3524 827 3585 columna
847 3526 927 3584 nubis
954 3533 986 3585 et
1024 3556 1026 3563 ·

56 3605 182 3662 maian·
197 3607 279 3664 maris
302 3605 386 3676 rubri,
408 3615 441 3664 ut
454 3605 539 3665 docet
551 3605 701 3686 Apostolus
717 3606 744 3664 1.
759 3604 797 3665 ad
812 3605 878 3665 Cor.
896 3609 941 3664 10.
955 3624 984 3663 v.

55 3683 84 3742 2.
106 3687 238 3748 transitus
260 3687 402 3760 dardanis,
418 3687 509 3747 ιΙοιιιιὲ
522 3707 584 3768 cap.
599 3686 628 3748 3.
644 3688 711 3748 lotio
726 3687 860 3748 Naaman
875 3687 940 3766 Syri
952 3686 987 3745 in
