2130 3990
105 153 168 216 ³62
336 232 342 241 Ι
487 171 666 219 rnecrsnur

148 318 187 379 R
204 317 276 376 Dist
303 321 397 377 antec.
410 319 470 377 und
479 318 620 379 oblatione
641 322 851 381 consummavit
872 318 1020 384 Christns'n

105 399 302 477 sempiternum
315 398 513 479 sanctificatos,
533 403 672 480 quantum
693 402 732 462 ed
742 400 947 461 sufficientiam
960 409 1023 481 pretii

97 474 252 559 relncpm
273 478 495 541 acnctfficatione
519 489 548 539 et
560 481 748 561 redemptione
770 484 857 545 totius
869 485 976 560 generis
984 485 1023 545 hu·

107 554 358 632 mani,.conoedo:
381 568 520 639 quantum
541 561 579 621 cd
603 565 822 643 applicationem
851 562 940 642 hujus
961 567 1026 642 predi

106 661 157 701 seu
183 643 288 700 t'ructds
315 638 459 699 Passionis
473 641 587 715 Christi,
608 663 699 720 nego:
719 645 748 704 id
763 646 842 703 enim
857 661 951 703 unum
962 643 1028 706 docet

106 723 256 801 Apostolus
282 721 317 780 de
330 721 470 781 Sacrificii
497 722 595 784 Crucis
614 721 751 792 efficacia,
774 732 926 783 cruentum
941 722 1028 786 Christi

105 803 274 863 oblationem
300 806 372 862 tenti
385 800 469 861 fuisso
483 804 592 878 valoris,
613 813 647 864 ut
659 808 689 865 in
703 825 737 865 ea
749 804 872 885 plenum
886 803 970 865 fuerit
979 826 1026 865 nce

104 892 154 944 tro
167 883 393 943 sanctificationis
413 886 551 962 pretium
572 885 623 945 sed
635 906 692 944 non
706 886 843 967 nequitur,
860 884 941 965 qudd
953 886 1029 945 Sacri·

103 964 199 1024 ficium
216 964 315 1024 Missae
329 963 392 1023 ideo
405 968 443 1023 sit
451 964 560 1036 inutile,
575 975 625 1026 out
632 966 770 1045 derogans
780 966 937 1025 Sacrificio
946 964 1029 1025 Crocia

101 1053 168 1105 cum
183 1049 302 1125 pretium
316 1044 516 1122 redemptionis
542 1056 656 1115 nostre,
674 1047 774 1108 licere
789 1047 911 1107 Christo
931 1046 1030 1106 mundi
1064 1109 1065 1119 p

104 1128 235 1197 solutum,
250 1128 330 1186 nobis
344 1128 478 1206 applicari
493 1128 612 1188 debeat:
627 1147 691 1205 ergo
702 1131 774 1188 sicut
787 1147 839 1207 per
848 1130 1029 1201 Sacramenta

104 1207 262 1282 Orationes,
276 1207 330 1267 &c
345 1207 424 1267 nobis
436 1207 508 1267 illud
521 1208 686 1289 applicatur,
699 1212 741 1269 sic
754 1217 785 1269 et
794 1228 847 1289 per
859 1208 1029 1269 Eucharist'a

101 1290 277 1350 Sacrificium
304 1288 383 1347 nobie
410 1288 545 1368 applicari
572 1299 666 1370 potest
688 1292 757 1350 citra
782 1289 874 1349 ullam
903 1288 1028 1351 Sacrificii

101 1372 200 1430 Crucis
212 1369 353 1448 injuriam.

144 1452 214 1530 Obj.
229 1452 270 1510 11.
285 1451 436 1530 Apostolus
449 1451 488 1511 ed
499 1451 590 1511 Hebr.
604 1450 838 1532 cap.10.probat
850 1448 1028 1513 inefficaciam

100 1531 311 1593 Sacrificiorum
327 1534 425 1591 veteris
440 1533 526 1611 Legis
538 1552 577 1591 ex
589 1553 634 1599 eo,
648 1531 725 1613 qudd
738 1534 846 1612 saepius
859 1543 1026 1613 repetentum

101 1613 171 1674 dicit
197 1615 293 1674 enim:
313 1614 396 1692 qudd
409 1614 562 1681 Sacrificio
583 1618 686 1674 ceteris
701 1612 959 1693 Legisnunqum
967 1634 1027 1692 poe·

100 1694 625 1774 aririaccedentespersectosfnccre:
639 1716 668 1754 v.
678 1695 708 1753 2.
717 1694 862 1774 Alioquin
873 1704 1026 1756 cessassent
1061 1731 1065 1763 r

101 1775 223 1854 offerri,·
246 1777 310 1834 r'deo
333 1779 413 1855 qudd
434 1775 546 1836 nullum
571 1775 711 1836 haberent
732 1773 812 1834 ultra
825 1778 1026 1837 conscientian
1060 1794 1065 1846 ι

93 1861 219 1935 peceati
229 1854 355 1916 cultores
362 1855 454 1916 semel
464 1860 617 1917 mundati:
632 1858 710 1937 atqui
722 1866 849 1915 nostrum
862 1855 1026 1917 Sacrificium
1057 1847 1065 1922 i

99 1941 186 2031 etism
212 1957 286 2077 Ξωρο
309 1940 461 2016 repetitur:
481 1958 547 2017 ergo
569 1940 673 2018 puriter
686 1948 729 1997 est
741 1935 895 2011 inefficax,
909 1938 1026 2019 adeoque
1060 1939 1062 1945 ’

101 2039 129 2076 re
142 2039 213 2078 rcren
234 2039 289 2077 um.

126 2041 181 2158 ¹1³.
198 2101 273 2179 Neg.
290 2120 365 2158 cons.
382 2099 536 2179 Disperitas
557 2102 608 2168 est,
630 2099 704 2178 quod
718 2099 768 2158 ilie
780 2106 876 2158 vetera
889 2100 1020 2159 Sacrificio
1059 2097 1062 2108 ’

99 2191 291 2260 repeterentur
304 2191 336 2239 ut
349 2181 470 2252 diversa,
484 2183 576 2260 inquit
590 2182 696 2254 Esuris,
709 2200 761 2239 nec
770 2180 806 2239 ad
821 2179 1021 2261 unumaliquod

99 2262 274 2321 Sacrificium
301 2261 438 2332 ordinata,
461 2281 499 2320 ex
527 2282 582 2340 quo
608 2261 810 2341 dependerent,
831 2270 862 2320 et
889 2260 955 2321 inde
976 2265 1018 2321 rim

98 2363 179 2402 suam
194 2345 372 2422 acciperent;
388 2341 563 2401 Sacrificium
578 2352 674 2401 eutem
688 2343 789 2401 Missae
804 2363 862 2401 non
874 2341 986 2402 offertur
996 2354 1019 2403 ut

99 2423 238 2482 diversum
252 2425 271 2480 d
284 2423 427 2481 Sacrificio
441 2423 549 2495 Crucis,
568 2424 616 2482 sed
632 2433 664 2482 ut
677 2443 763 2481 noum
775 2443 840 2481 cnm
854 2442 908 2495 eo;
924 2442 1019 2503 semper

98 2506 172 2562 enim
187 2503 301 2564 offertur
324 2507 352 2562 in
367 2503 443 2562 iilius
468 2508 772 2574 commemorationem,
795 2503 867 2563 adeo
880 2514 915 2563 ut
928 2507 1019 2565 norant
1059 2506 1060 2512 '

99 2585 243 2655 Sacerdos,
265 2605 322 2643 non
348 2584 462 2644 aliunde
476 2605 562 2664 quam
576 2605 614 2644 ex
642 2585 691 2645 iiio
705 2606 759 2644 uno
774 2584 920 2645 Sacrificio
935 2586 1018 2645 Crucis

99 2667 256 2746 quotidiani
266 2667 308 2726 sui
323 2665 459 2728 Sacrificii
472 2665 595 2728 fructum
609 2686 668 2727 esse
682 2665 915 2746 exspectandum.
