2130 3990
349 208 389 252 os
410 209 625 254 anemonen.
904 185 965 251 eol

77 353 134 413 Per
148 352 274 413 Sabbata
286 363 381 414 autem
395 355 434 416 ihi
452 357 646 434 intelliguntur
660 355 791 432 qualibet
805 353 898 426 Festa,
913 353 967 413 sel·

48 454 94 493 ern
110 434 294 493 solemniora:
315 457 349 494 eo
372 437 431 496 fere
453 438 548 508 modo,
571 457 625 515 quo
652 435 735 496 Festa
759 445 852 495 nostra
873 434 967 513 quoad

48 514 179 575 Officium
211 515 440 577 Ecclesiasticum
468 518 639 577 celebrantur
667 518 686 573 sl
713 520 807 597 primis
835 515 967 595 Vesperir

48 597 178 676 usquead
193 597 343 656 secundas.

79 679 151 737 Dies
163 677 315 737 artificialis
330 676 583 757 comprehendebat
596 677 715 758 spatium
742 678 779 736 ab
808 682 868 736 ortu
896 677 968 737 Solis

48 777 129 838 usque
143 759 341 818 adscensum:
363 758 422 818 dios
446 763 508 817 vend
531 758 666 819 naturalis
690 759 776 836 juata
797 757 867 817 alios
890 777 967 816 com·

48 838 191 917 putabatur
204 840 240 898 nb
254 847 314 898 ortu
330 838 403 899 Solis
425 860 511 917 usque
538 841 575 899 ad
599 839 659 918 ejus
681 849 775 898 ortum
799 838 968 917 subsequen-

48 930 116 992 tem;
134 920 223 999 juxte
237 920 343 998 sliquos
357 923 419 980 verd
444 921 538 1000 (prout
552 921 629 1001 apud
642 922 708 998 nos)
724 921 742 976 a
769 918 864 978 medis
887 926 969 978 nocte

48 1001 77 1060 td
91 1002 213 1059 mediam
224 1010 345 1060 noctem.

81 1081 137 1140 lV.
159 1082 200 1138 2⁰·
238 1083 312 1140 Duae
339 1080 465 1160 ejusdem
492 1082 549 1159 diei
575 1082 666 1141 festivi
691 1087 810 1161 possunt
837 1079 969 1156 distingui

48 1162 187 1241 Vesperae,
208 1183 273 1230 une,
295 1182 357 1241 quae
372 1162 447 1221 diem
460 1162 585 1237 inchoat,
605 1172 634 1221 et
653 1164 749 1235 altere,
771 1181 832 1241 qum
854 1161 967 1231 claudit,

48 1264 68 1302 r.
89 1263 118 1323 g.
140 1246 230 1321 prima
244 1243 372 1323 Vespera
384 1243 440 1302 diei
455 1243 569 1303 deeimae
584 1254 690 1324 quarta
704 1252 746 1301 est
772 1262 834 1320 quae
861 1241 973 1301 claudit

48 1325 117 1383 diem
136 1323 186 1393 13;
208 1333 238 1382 et
250 1324 383 1393 secunda,
406 1343 468 1402 quae
483 1323 589 1383 claudit
602 1325 677 1383 diem
701 1324 746 1382 14.

83 1403 122 1464 V.
144 1403 186 1461 δ’·
206 1405 301 1464 dudaei
316 1406 615 1465 numerabantmenses
623 1411 651 1463 et
661 1423 747 1463 annos
756 1404 876 1472 lunares,
891 1425 969 1463 men-

48 1506 88 1545 ses
110 1485 273 1545 inchoando
287 1488 305 1544 d
320 1486 479 1545 novilunio:
508 1486 583 1545 unde
606 1486 673 1545 dum
698 1484 799 1544 dicitur
830 1484 898 1545 luna
922 1485 969 1543 14.

48 1570 147 1627 mensis
160 1566 262 1639 Nisan,
281 1566 356 1625 idern
370 1576 422 1639 est,
441 1587 474 1625 ao
487 1569 510 1624 ei
525 1567 661 1626 dioeretur
674 1565 733 1625 dies
748 1565 858 1625 decima
871 1576 970 1645 quarta

48 1651 149 1707 mensis
163 1651 254 1727 primi.
276 1651 324 1723 qui
339 1660 450 1707 vocatur
464 1649 567 1707 Nisan.

86 1728 141 1786 Vl.
177 1727 219 1783 4ο·
253 1729 300 1787 Ex
338 1730 492 1807 praescripto
517 1728 600 1806 Legis
628 1727 727 1806 Agnus
756 1726 900 1787 Paschalis
924 1728 970 1788 edi

48 1808 221 1867 dehebntdie
238 1809 284 1867 lt.
300 1809 368 1867 dieti
382 1812 485 1868 mensis
501 1811 592 1867 Nissn
606 1809 640 1867 sd
656 1827 808 1888 vesperem,
822 1818 971 1868 uteonstat

48 1889 154 1949 Exodi.
179 1889 242 1947 12.:
262 1890 424 1969 intelligitur
438 1900 534 1948 sutem
548 1889 678 1968 Vespere
692 1911 745 1948 non
768 1893 901 1963 anterior,
921 1890 969 1949 sed

48 1972 187 2051 posterior,
207 1973 263 2029 sive
285 1991 346 2046 quae
371 1970 475 2028 claudit
496 1970 570 2028 diem
595 1970 642 2029 ll.
672 1980 706 2029 nt
727 1974 855 2049 signante
891 1983 971 2049 patet

48 2071 143 2124 exeo,
171 2051 244 2126 qudd
257 2050 418 2109 solemnitas
432 2069 593 2129 azymorum
606 2061 679 2110 esset
692 2052 737 2111 die
767 2051 813 2123 ld,
833 1990 869 2109 id
890 2052 969 2130 cujus

49 2130 175 2213 Vespera
188 2132 364 2210 praecedente
377 2132 530 2210 incipiebat
545 2152 610 2191 usus
624 2151 790 2210 azymorum
805 2132 887 2191 simul
903 2154 969 2191 cum

48 2233 92 2271 osu
109 2215 179 2290 Agni
194 2213 348 2273 Psechalis.
375 2212 450 2272 Vide
465 2213 559 2273 Exodi
576 2234 639 2294 cap.
656 2212 701 2271 12.
738 2213 805 2273 Iter.
834 2234 896 2292 cap.
918 2214 967 2271 23.

48 2303 74 2353 et
87 2294 178 2351 Num.
199 2314 262 2373 cap.
275 2294 326 2352 28.

82 2374 142 2433 His
155 2379 322 2454 prenotatis,
349 2373 466 2434 dicimus
495 2374 637 2433 Christum
663 2374 816 2443 celebrasse
837 2375 968 2435 ultimum

49 2455 164 2522 Pascha,
187 2466 426 2534 etoonsequenter
451 2455 657 2514 Eucharistiam
679 2455 829 2515 instituisse
853 2455 900 2515 die
919 2477 969 2517 seu

48 2537 110 2596 tint
133 2538 180 2595 14.
196 2541 297 2596 mensis
326 2537 417 2596 Nissn
441 2546 571 2613 exeunte,
608 2537 662 2595 hoc
687 2546 739 2604 est,
769 2536 843 2595 feria
867 2537 896 2597 5.
931 2538 968 2598 ad

48 2616 211 2696 vesperam.

86 2697 156 2756 Vll.
179 2697 335 2756 Probatur:
358 2697 561 2777 quiaChristus
581 2697 731 2757 celebravit
754 2698 886 2757 ultimam
910 2718 966 2758 ooe-

48 2798 109 2837 mm
136 2778 300 2857 paschalem
327 2782 415 2857 primt
441 2778 486 2836 die
507 2799 681 2856 azymorum,
715 2777 826 2857 quando
853 2798 968 2839 necesso

49 2860 275 2919 orstseoundirm
303 2860 408 2937 Legem
423 2861 514 2918 occidi
539 2859 659 2932 Pascha,
679 2867 708 2917 et
730 2859 843 2936 quando
869 2860 968 2923 duduci

48 2939 112 2999 illud
127 2939 328 3009 immolabant;
351 2949 385 2998 ut
398 2943 424 2998 in
437 2942 561 2999 terminis
575 2940 694 2999 habetur
720 2940 795 2999 Mat.
821 2961 885 3021 capt
915 2943 965 3002 26·

50 3039 69 3077 r.
92 3018 138 3077 17.
161 3017 217 3080 dcc.
261 3020 352 3078 Marci
367 3041 428 3099 cop.
452 3019 497 3078 14.
520 3041 546 3078 v.
570 3019 615 3079 12.
631 3030 661 3078 et
675 3021 771 3079 Lucre.
787 3041 850 3100 cap.
866 3023 915 3081 22.
928 3044 967 3082 r.

50 3099 74 3159 l.
94 3105 171 3179 atqui
193 3103 285 3180 prima
311 3102 370 3159 dies
391 3121 564 3180 azymorum,
585 3104 613 3159 in
635 3122 694 3178 qua
707 3123 819 3160 necesse
833 3113 894 3161 erat
919 3123 965 3163 oc-

49 3181 96 3241 cidi
111 3182 223 3241 Pascha
236 3183 388 3241 secundum
410 3183 522 3259 Legem,
545 3190 605 3241 erat
619 3183 686 3240 luna
700 3184 746 3240 14.
767 3183 804 3242 ad
829 3183 968 3245 secundet

51 3256 189 3341 hesperos,
215 3271 378 3340 utpatetex
392 3264 592 3340 praenotamine
607 3262 650 3335 4.;
672 3284 745 3341 ergo,
769 3261 824 3323 dno.

85 3344 153 3420 Obj.
174 3346 370 3421 doanniscap.
396 3342 439 3399 13.
461 3342 570 3412 dicitur,
592 3345 720 3404 ultimam
740 3364 851 3403 coenem
878 3348 965 3403 eonti-

52 3426 114 3501 giue
128 3433 197 3484 unte
211 3427 285 3482 diem
303 3423 420 3482 Festum
435 3423 577 3483 Pusclroe:
601 3444 667 3501 ergo
681 3445 736 3482 non
751 3428 885 3501 contingit
898 3425 967 3485 lurni

56 3503 94 3563 ll.
113 3505 148 3562 erl
164 3524 316 3584 vesperam,
337 3505 402 3562 otim
419 3525 455 3562 ex
470 3513 537 3562 tunc
552 3506 687 3582 inciperet
703 3504 816 3562 Festum
839 3505 964 3574 Pascha,

89 3585 122 3644 R.
147 3587 230 3664 Nego
246 3605 365 3662 conseq:
388 3587 452 3662 quin
471 3585 532 3642 loco
560 3584 670 3661 objecto
692 3586 804 3643 teutrim
827 3587 966 3662 significa-

55 3673 99 3740 tur,
120 3687 231 3727 coenam
255 3665 359 3726 lectam
384 3686 443 3726 esse
472 3673 537 3726 ente
557 3663 655 3726 festum
672 3665 806 3742 solemne,
826 3687 875 3727 scu
903 3666 967 3726 lasti
