2130 3990
283 280 293 292 ,
334 225 377 269 nn
395 222 572 267 ucurrrcro
592 222 694 267 urm
917 194 986 267 ’Ν

48 450 89 510 N.
116 448 538 510 15.Du}cu:1.ussRANnr
566 447 867 509 ossmosrlou'u
890 450 985 511 Tou

105 529 165 590 EX
186 530 466 591 SACERDOTIO
489 531 585 594 TUM
609 530 668 590 EX
689 528 935 592 BENEFlClO.

253 691 284 751 S.
309 692 406 752 Tlom.
428 703 529 773 quast.
552 691 601 754 82.
623 700 680 753 art.
697 693 744 752 10.

48 875 72 933 l.
93 876 237 937 Sacerdos
250 874 533 956 tenetarolr'quotr'es
548 872 701 937 celebrare.
737 876 777 934 11.
803 874 938 950 Quando,
959 884 985 933 ἃ

89 961 208 1037 quotics
221 976 278 1016 naa
293 966 419 1017 constat.
447 956 506 1015 Ill.
528 956 670 1016 Ecclesia
683 958 818 1016 variatio.
862 956 918 1016 lv.
932 957 984 1018 Aa

89 1040 311 1098 tarisaarz'atio.
354 1039 390 1097 V.
417 1038 562 1098 Redaelio
586 1039 747 1097 Missurum
761 1038 908 1118 facienda
931 1059 986 1117 per

93 1119 292 1178 Ordinorr'am.
323 1120 377 1179 VI.
404 1119 561 1196 Obligatr'o
575 1117 737 1179 celebrandi
751 1120 889 1200 quotidie.
912 1118 983 1179 Vll.

90 1200 204 1258 Pastor
232 1207 347 1260 tenetur
380 1200 525 1260 celebrare
566 1200 655 1259 Vlll.
686 1200 749 1259 Pro
776 1200 984 1271 Porockr'am's,

90 1281 147 1340 IX.
173 1279 282 1340 Diebus
298 1282 465 1341 Dominicis
478 1289 508 1340 et
532 1281 636 1350 Festus,
666 1280 707 1342 X.
733 1282 832 1341 Etiam
847 1281 985 1363 ir'sfistir

90 1362 197 1442 quibas
212 1361 284 1422 licet
296 1362 443 1423 serviliter
457 1361 598 1422 laborare.
640 1362 696 1422 Xl.
718 1362 983 1423 alandraeum

89 1453 135 1504 est
147 1443 297 1521 obligatio.

88 1628 141 1685 Au
156 1647 252 1687 omncs
267 1627 433 1688 Sacerdotes
447 1628 592 1708 aliquoties
607 1627 749 1687 celebrare
762 1634 894 1686 tenentur
909 1626 921 1686 l

91 1706 118 1766 Ι.
141 1707 178 1766 R.
199 1705 387 1778 Affirmativb,
398 1716 519 1789 seposito
533 1710 655 1787 legitimo
669 1710 884 1787 impedimento,
898 1707 984 1789 idque

48 1791 77 1849 vi
101 1788 189 1848 officii
216 1790 408 1864 sacerdotalis,
429 1811 492 1868 qnae
507 1791 641 1868 obligatio
666 1790 701 1849 de
721 1811 750 1848 se
765 1789 873 1849 videtur
886 1790 985 1869 gravio,

48 1870 279 1952 quandoquidem
294 1875 367 1931 circa
380 1893 438 1930 rem
451 1892 563 1950 gravem
577 1879 709 1930 versetur.

93 1952 230 2011 Probatur
243 1959 278 2013 1⁰·
294 1975 332 2012 ex
347 1954 436 2012 verbis
452 1953 558 2012 Christi
574 1954 659 2011 Lucae
674 1972 736 2032 cap.
747 1950 798 2012 22.
815 1951 986 2033 Hocsact'lae

49 2034 79 2092 in
91 2053 186 2093 meam
200 2037 497 2095 commemorationem
508 2057 518 2092 .·
529 2036 608 2111 atqui
617 2033 699 2093 verba
713 2033 775 2093 haec
788 2034 931 2095 continent
939 2053 984 2092 ve-

49 2136 113 2174 rum
127 2114 262 2175 offerendi
277 2115 411 2175 Sacrificii
426 2122 607 2194 praeceptum,
621 2114 773 2174 secunlum
783 2115 812 2175 id
823 2112 904 2174 Trid.
917 2135 984 2175 secu.

49 2198 100 2255 22.
116 2217 178 2276 cap.
197 2195 223 2255 l.
245 2201 265 2230 “
280 2199 431 2276 Apostolis,
454 2217 606 2276 eorumque
619 2197 649 2254 in
665 2195 830 2255 Sacerdotis
843 2213 984 2255 successo·

48 2277 125 2338 ribus
152 2285 185 2336 ut
207 2277 345 2349 offerrent,
368 2279 500 2356 paecepit
525 2298 576 2356 pcr
597 2277 658 2335 lraec
685 2276 784 2337 verba:
806 2277 862 2337 loc
874 2275 985 2356 suade,

51 2357 129 2418 &c.''
172 2380 236 2438 ergo
249 2361 311 2418 baec
325 2360 460 2437 obligatio
474 2366 515 2417 cst
525 2358 595 2437 juris
610 2358 705 2417 divini.

91 2437 133 2494 2⁰·
156 2440 208 2498 Est
218 2442 303 2498 etiam
324 2438 393 2517 juris
408 2439 552 2510 naturalis,
573 2448 605 2498 ut
628 2439 727 2518 probat
740 2440 770 2498 S.
786 2438 846 2498 Tb.
861 2438 923 2498 loco
937 2439 984 2497 cii.

48 2523 78 2580 in
98 2521 183 2598 Corp.
227 2522 334 2598 “Quia
348 2521 538 2599 rtnrtsquisque
560 2530 668 2579 tenetur
681 2523 720 2577 uti
735 2521 826 2599 gratia
838 2519 893 2578 sibi
907 2518 985 2592 dala,

50 2621 116 2661 cum
132 2601 214 2660 fuerit
226 2613 424 2682 opportunum,
445 2601 600 2660 secundum
613 2601 680 2660 illud
695 2601 725 2660 2.
750 2601 786 2659 ad
800 2601 865 2661 Cor.
878 2620 940 2680 cap.
958 2603 984 2659 6.

49 2705 75 2742 r.
101 2685 127 2742 l.
138 2683 348 2756 Babanomon
369 2705 405 2742 aa
418 2688 449 2742 r'a
462 2703 577 2742 uacuam
591 2686 720 2759 gratiam
739 2681 795 2740 Dei
807 2683 981 2759 recapialr's:

49 2768 243 2842 opportunitas
261 2774 355 2823 autem
371 2765 546 2822 Sacrificium
561 2763 694 2823 offerendi
717 2785 772 2822 nun
791 2764 883 2822 solium
896 2770 984 2821 atten-

50 2845 127 2903 ditur
140 2866 188 2924 per
202 2849 437 2924 comparationem
462 2845 497 2903 ad
525 2844 623 2904 fideles
651 2843 766 2914 Christi,
788 2844 889 2924 quibus
902 2862 984 2923 opor·

49 2935 92 2984 tet
114 2930 298 2985 Sacramenta
334 2929 487 2995 ministrari,
524 2927 571 2984 sed
599 2927 789 3005 principaliter
812 2944 983 3002 percompta·

51 3008 186 3066 rationem
209 3008 245 3066 ad
274 3010 379 3072 Deum,
411 3011 456 3066 cui
476 3010 679 3067 consecratione
703 3007 787 3086 hujus
810 3005 984 3064 sacramenti

49 3089 227 3147 Sacrificium
240 3089 384 3147 offertur.''

92 3169 133 3228 ll.
155 3171 276 3240 Quando
287 3181 315 3228 et
329 3169 436 3248 quotics
453 3162 597 3228 'Sacerdos
621 3172 648 3228 vi
661 3171 786 3228 muneris
800 3166 987 3229 sacerdotali·

49 3259 181 3309 teneatur
196 3252 347 3324 celebrare,
369 3254 418 3309 nisi
433 3271 496 3308 cum
507 3259 624 3309 excuset
634 3251 791 3329 legitimum
803 3249 984 3328 impedimen·

50 3343 123 3404 tum,
144 3353 199 3391 non
220 3335 260 3390 ita
274 3333 448 3391 determinari
465 3340 571 3408 potest:
592 3335 701 3390 interim
724 3330 755 3390 S.
777 3330 884 3390 Thom.
899 3331 987 3389 citato

48 3413 113 3471 loco
127 3418 156 3471 in
175 3414 262 3490 Corp.
277 3413 361 3472 dicit:
396 3412 532 3471 “Saltem
547 3412 658 3482 videtur,
693 3411 766 3490 quod
791 3410 986 3471 celebrarem·
1017 3412 1019 3455 ἓ

49 3498 191 3553 neatnrin
207 3498 353 3574 praecipuis
370 3496 466 3561 Fastis,
489 3504 517 3552 et
544 3493 670 3557 maximi>
697 3493 805 3555 in‘lllis
831 3491 931 3553 diebus
954 3492 985 3553 iu
1009 3476 1019 3519 Δ

50 3576 150 3654 quibus
166 3575 278 3636 Fideles
293 3578 499 3636 communicare
513 3572 742 3635 consueverunt'·
