2130 3990
384 122 426 166 nn
450 121 665 173 suoueursrrs.
928 98 992 165 251.

115 342 177 402 DE
192 341 336 405 VARIIS
355 345 660 408 EUCHARISTIAE
677 346 933 410 NOMINIBUS.

238 506 270 566 S.
288 506 389 568 Thoni-
402 507 433 578 3⁴.
443 516 525 589 part.
541 525 638 590 quest.
654 509 702 570 73.
717 517 773 570 art.
789 479 822 569 4..

66 665 92 726 1.
108 668 301 730 Nomr'rmtur.
323 670 362 729 ΙΙ.
379 671 568 741 Sacrificium
591 681 619 732 et
632 670 752 746 Hostia,
773 669 831 731 111.
857 671 988 731 Commu·

104 750 156 808 m'o
178 749 227 810 nel
243 753 378 828 synaxis.
421 752 475 811 lv.
494 752 645 812 Viatr'eunr
660 762 689 813 et
702 753 903 813 Eucharistia.
946 752 987 812 V.

104 831 205 891 Panis
219 834 289 907 uitoe,
302 831 356 892 &u
369 832 424 899 VI.
443 834 556 912 Corpus
573 835 690 894 christe:
720 833 792 895 VII.
812 833 989 893 Conuiuium.

107 910 197 971 VIII.
214 912 325 974 Mensa
339 912 464 974 Domini.
508 916 563 975 IX.
582 917 678 976 Coerra.

107 1073 133 1135 Ι.
147 1075 393 1136 srenissimo
417 1074 472 1137 hoe
495 1078 531 1137 ob
543 1097 623 1137 susm
651 1098 707 1158 pre
722 1078 780 1137 eliis
793 1075 992 1136 excellentiam

75 1156 215 1217 innumera
238 1160 366 1217 sortitum
389 1164 431 1215 est
444 1163 567 1225 nomme,
588 1177 650 1236 quae
664 1172 776 1218 sanetus
790 1158 918 1220 Thonis
930 1158 993 1217 lore

75 1238 153 1297 ritate
166 1239 197 1295 in
211 1239 296 1316 Corp.
310 1236 430 1297 desumit
443 1242 461 1298 d
476 1242 573 1320 triplici
585 1241 610 1319 ej
615 1258 646 1299 us
659 1242 870 1318 significatione.

109 1318 209 1378 11.1⁰·
236 1318 332 1378 Habet
356 1320 594 1396 sIgnificationem
622 1332 751 1400 respectu
778 1319 921 1399 preteriti,
951 1320 992 1377 in·

71 1405 206 1475 quantum
228 1399 336 1471 seilicet
357 1405 524 1480 estsignum
539 1404 815 1462 commemoraturum
834 1402 994 1463 Dominicae

69 1480 226 1539 Passionis:
248 1488 277 1540 et
289 1490 405 1541 eatenus
421 1484 534 1545 dicitur:
557 1482 755 1555 Sacrificium,
774 1485 842 1546 item
858 1478 979 1540 Hostia.

108 1560 167 1619 111.
190 1563 233 1618 2⁰·
246 1560 415 1639 Inqusntrim
440 1567 584 1643 significet
606 1572 856 1643 imprimentem,
878 1581 929 1621 seu
953 1568 995 1619 est

65 1646 179 1720 signum
206 1643 462 1704 demonstrativum
491 1644 700 1705 Ecclesiastioae
722 1646 841 1713 unitatis,
863 1644 920 1721 qud
933 1645 994 1699 uni-

67 1743 133 1781 mur
145 1722 302 1804 specialiter
323 1745 389 1784 cum
404 1726 526 1802 Christo,
545 1735 574 1785 et
585 1726 622 1788 nd
635 1726 771 1787 invicem:
793 1730 905 1785 vocetur
918 1740 995 1781 com-

67 1807 167 1864 munio
181 1803 225 1862 rel
237 1802 377 1882 dynam.

110 1882 165 1945 IV.
179 1883 223 1944 3⁰·
239 1885 387 1954 Quatenus
400 1888 538 1966 signifieat
550 1909 609 1948 rem
623 1888 758 1959 futurem,
771 1904 819 1943 seu
832 1894 875 1944 eet
884 1885 997 1962 signum

68 1970 292 2045 prognosticum
307 1966 443 2028 fruitionis
466 1971 522 2029 Dei
534 1975 563 2030 in
585 1971 691 2044 Petris,
712 1966 814 2025 dicitur
830 1964 997 2036 Viaticum;

72 2049 138 2126 quia
151 2048 199 2107 hie
212 2049 320 2128 prebet
333 2049 409 2108 nobis
430 2053 502 2109 riam
517 2051 583 2111 illuc
596 2047 774 2131 perveniendi
789 2067 795 2102 :
817 2056 846 2107 et
858 2048 899 2105 sio
911 2048 997 2110 edem

73 2128 175 2189 dicitur
187 2128 387 2198 Euchariston,
409 2130 437 2190 id
452 2141 503 2205 est,
524 2134 600 2191 bons
612 2136 719 2210 gretie:
734 2130 801 2207 quio
812 2130 913 2204 gratio
929 2126 995 2196 Dei,

75 2211 133 2268 uita
159 2219 276 2281 eterno,
298 2220 331 2270 ut
343 2211 444 2271 dieitur
467 2214 502 2272 nd
528 2215 612 2272 Rom.
627 2232 688 2292 cap.
709 2211 738 2269 6.
752 2207 795 2266 rel
807 2212 873 2286 quie
886 2209 997 2269 realiter

76 2291 197 2353 eontinet
210 2291 363 2365 Christum,
384 2294 432 2372 qui
445 2304 490 2353 est
501 2294 561 2355 fons
575 2297 686 2373 greum
701 2290 839 2355 ueletiam
850 2289 998 2367 juxtenli-

78 2374 227 2451 quosquis
249 2373 377 2432 Christus
400 2376 429 2433 in
444 2375 528 2454 hujus
551 2374 729 2439 Sacrameuti
747 2369 919 2431 Institutione
934 2390 997 2450 grs-

77 2456 126 2592 im
141 2457 207 2530 egit,
231 2463 258 2515 et
271 2452 365 2514 adhuc
379 2457 503 2533 quotidie
516 2460 543 2516 in
558 2458 707 2535 gratiarum
722 2454 861 2513 sotionem
878 2452 941 2511 Deo
955 2451 998 2512 oi-

88 2539 168 2593 ertum

115 2614 154 2674 V.
183 2615 258 2673 Sunt
279 2624 309 2674 et
334 2615 484 2694 plumalis
510 2618 596 2697 hujus
609 2619 918 2683 Sacramentinominn,
940 2616 999 2673 sive

80 2696 181 2755 ratione
194 2699 319 2754 meteriae
335 2703 504 2757 transeuntis
517 2710 550 2758 ut
564 2701 667 2767 Panis,
682 2698 730 2757 sed
746 2697 925 2756 communiter
935 2716 1000 2753 cnm

81 2776 174 2837 addito
187 2781 250 2835 υἱέι
262 2778 389 2850 celestis,
410 2781 602 2856 Angelorum,
622 2778 677 2837 dre.
692 2782 749 2837 sive
763 2781 869 2837 ratione
881 2779 920 2836 rei
934 2797 999 2835 con-

81 2868 173 2928 unte,
196 2856 249 2915 VI.
263 2868 295 2916 ut
312 2861 424 2937 Corpus
442 2862 562 2930 Christi,
583 2863 696 2936 Corpus
710 2861 839 2928 Dornim‘,
862 2855 918 2917 dre.
998 2898 1002 2911 ·

117 2938 193 2997 VII.
222 2940 295 2997 Item
310 2941 412 2999 dicitur
437 2943 557 3000 Sacrum
573 2943 755 3010 Conuiuium
779 2943 844 3020 quia
862 2948 906 2999 ent
919 2939 999 2997 insti·

82 3026 169 3076 tutum
183 3039 233 3097 per
241 3022 354 3079 modum
372 3023 498 3081 Convivii
513 3022 671 3101 spiritualis.

116 3101 208 3161 VIII.
231 3101 271 3158 Et
291 3105 422 3179 quoniam
445 3103 574 3162 Christus
595 3102 665 3162 illud
687 3104 805 3161 instituit
831 3121 934 3161 mense
954 3122 1001 3159 ec·

83 3183 221 3248 cumbens
245 3182 344 3241 dicitur
360 3187 445 3242 etium
460 3183 567 3242 Mensa
578 3184 710 3243 Domini.
869 3238 873 3245 .

121 3263 176 3323 IX.
203 3263 310 3322 Pariter
336 3264 491 3342 appellatur
516 3268 621 3336 Coena;
644 3267 710 3342 quia
732 3264 891 3324 institutum
920 3266 1003 3327 estin

83 3346 179 3405 ultime
193 3346 301 3417 Coene3
323 3346 374 3403 sed
402 3350 467 3424 quia
494 3347 629 3405 Haeretioi
643 3347 795 3406 abutuntur
813 3344 868 3403 hoo
882 3348 1018 3419 nornine„

84 3435 113 3484 ut
125 3426 271 3494 suadeant,
293 3426 360 3484 illud
376 3430 523 3485 consistere
537 3431 565 3486 in
581 3447 633 3485 usu
648 3447 696 3485 seu
711 3438 774 3485 ectu
789 3426 931 3497 coenandi,
952 3446 1005 3485 nen

86 3507 119 3566 ad
141 3508 202 3587 ejus
229 3511 418 3586 sumptionem
442 3529 520 3586 poseo
547 3510 660 3588 principi
683 3508 836 3587 jejunium,
862 3508 926 3568 iden
951 3507 1009 3567 hoe

36 3608 44 3693 ιι
87 3593 193 3648 nornine
205 3589 290 3669 perce
304 3588 436 3648 utendum
451 3600 501 3648 est·
1003 3620 1009 3629 ·

35 3780 43 3841 i

26 3844 36 3885 ι
