2130 3990
386 198 428 241 na
449 195 597 243 armano
898 185 959 247 209

73 345 121 404 An
140 352 185 405 ast
198 345 327 406 Petrinus
338 343 521 416 adhibendus,
543 343 610 404 dum
625 344 714 405 aolbm
727 344 889 426 supplentur
902 366 958 405 cee-

48 426 187 486 smoniae?

69 505 113 565 X.
137 505 178 565 R.
201 504 394 565 Affirmativb:
415 515 450 566 nt
469 514 591 566 servetur
610 509 837 566 ceremoniarum
851 507 955 569 unifor-

47 588 124 647 ritas.
178 587 246 649 Non
261 585 403 645 contrahit
414 586 526 667 quidem
542 588 672 647 Petrinus
684 589 748 647 talis
762 593 957 666 cognationem

48 666 213 739 tinitonlem,
227 667 278 727 aad
288 666 377 746 juxta
392 668 541 736 Daelman,
561 668 668 728 Hunno
680 678 710 729 et
720 668 837 728 Billuurt
846 680 957 730 anatur

48 746 62 807 d
77 746 207 809 officium
223 750 329 809 Patrini
343 749 435 826 qnoed
449 750 669 809 instructionem.

64 828 127 903 Xl.
150 829 238 891 Unde
257 833 286 889 in
308 828 438 907 Registro
460 828 590 890 distincte
604 829 794 890 annotandum
807 840 859 904 est,
878 830 954 909 qood

48 916 137 969 tntdru
160 910 245 971 fuant
267 910 395 970 Petrinus
408 915 437 970 iu
451 913 626 990 suppletione
639 916 881 971 ceremoniarum.
922 914 954 968 Si

48 998 126 1051 atem
156 992 286 1053 Petrinus
308 990 451 1051 adbibitus
473 991 556 1050 fuerit
575 995 605 1051 in
634 993 767 1071 Baptismi
796 992 954 1064 collatione,

48 1072 150 1150 :pedit
162 1072 283 1133 eundem
297 1071 430 1130 adbibere
451 1075 479 1130 in
502 1074 693 1152 suppositione
706 1076 952 1142 caeremoniarum

68 1162 167 1213 umen
188 1153 335 1214 adhibetur
354 1153 433 1222 alter,
454 1155 482 1211 in
497 1153 568 1211 libro
583 1154 736 1212 notandum
749 1164 791 1215 est
803 1164 953 1231 utrumqne

48 1250 82 1291 oc
102 1232 207 1294 modu:
230 1235 388 1311 Susceptus
400 1237 431 1292 ἐκ
454 1233 605 1311 Buptrbmo
625 1234 665 1293 N.
686 1239 717 1293 et
738 1234 899 1313 susceptor
922 1240 952 1291 ia

48 1312 215 1375 blachiam
226 1323 255 1375 et
267 1316 442 1374 Exorcrm
456 1313 496 1373 N.
512 1325 595 1392 prout
603 1315 686 1394 jubet
699 1316 830 1390 synodus
847 1316 951 1375 Dirce·

48 1394 225 1457 adseculis.
237 1399 280 1456 tit.
295 1397 323 1455 4.
339 1416 401 1475 cap.
416 1395 445 1455 6.
456 1405 486 1454 et
499 1396 647 1455 Pestnraie
659 1407 793 1456 nostrum.

63 1474 139 1535 ΧΗ.
163 1476 272 1537 aedem
294 1478 393 1555 potiori
415 1480 521 1536 ratione
544 1478 686 1535 Pamcbus
702 1477 862 1549 observabit,
883 1476 951 1536 dnm

48 1575 82 1615 on
94 1563 206 1617 tontum
224 1561 389 1637 supplentur
409 1560 589 1630 ceremonia,
608 1557 660 1616 sad
681 1560 768 1617 etiam
793 1558 953 1637 Baptismus

48 1636 89 1716 rbu
113 1638 276 1697 conditione
299 1639 464 1708 reiteratum
486 1644 549 1696 edm
582 1649 649 1697 tnnc
675 1638 857 1698 contrabatur
870 1639 956 1697 dubia

48 1719 154 1796 ›gnalio
166 1717 331 1798 spiritualis:
353 1718 479 1797 adeoque
492 1720 609 1785 notabit,
634 1717 773 1779 infantem
793 1719 870 1779 domi
892 1738 952 1779 essu

48 1801 201 1877 nptizatnm
224 1801 263 1878 (si
283 1801 325 1859 ita
337 1801 392 1879 ipsi
406 1799 562 1878 referatur.)
578 1811 608 1858 ct
631 1809 729 1879 postea
751 1800 953 1879 rebaptizatum

48 1898 86 1939 ιο
96 1880 150 1939 sub
163 1882 339 1941 conditione:
360 1879 463 1939 deinde
475 1880 605 1940 distincte
618 1882 773 1955 annotabit,
787 1883 850 1960 quis
869 1880 954 1939 luerit

48 1960 159 2021 ’ulfinus
170 1965 199 2021 in
213 1961 433 2040 rebaptizatione
447 1961 646 2029 conditionata,
666 1963 734 2020 item
752 1965 781 2021 in
807 1962 953 2041 Baptismo

48 2044 102 2101 omi
115 2043 229 2116 collato,
248 2043 273 2100 si
286 2053 353 2102 tunc
368 2042 498 2101 Petrinus
510 2041 597 2100 fuerit
610 2040 763 2103 adbibitus.

65 2122 151 2181 Plura
174 2123 231 2183 huc
251 2125 407 2202 spectantia
429 2123 584 2194 traduntur,
614 2122 663 2181 ubi
686 2123 723 2183 de
748 2123 951 2203 impedimento

48 2204 196 2281 egestionis
208 2205 363 2285 spiritualis.

50 2364 88 2424 bl.
108 2366 158 2424 42.
180 2365 239 2425 DE
263 2365 569 2507 EXCLUDTFppIJles
590 2365 646 2427 Ab
667 2364 841 2424 OFFlClO
863 2365 930 2425 PA-

49 2606 276 2668 acclamatur
285 2610 324 2668 ll.
336 2609 483 2688 Irfideles,
492 2609 642 2683 Haeretici,
650 2612 701 2685 isc.
718 2606 773 2667 ΙΙΙ,
785 2607 947 2685 Religioni.

63 2687 119 2749 lv.
134 2689 228 2749 Pater
238 2696 267 2748 et
278 2700 381 2751 mater.
403 2691 439 2749 l’.
455 2690 524 2750 Non
536 2698 632 2750 tumen
646 2689 818 2749 Sacerdotes
828 2689 920 2747 aaecul
939 2722 948 2735 ·

60 2790 117 2831 rus.
148 2769 203 2830 Vl.
219 2772 280 2829 sed
292 2774 494 2830 conuenienter
508 2774 659 2832 Praetores.
684 2770 755 2829 Vll.
780 2770 947 2847 Numquam

61 2850 224 2911 Horatiana
237 2855 319 2930 apud
331 2852 509 2914 Catholicae.

60 3012 299 3073 uticensium
322 3014 493 3074 excludendi
515 3023 580 3073 sunt
601 3014 639 3073 ab
654 3011 747 3072 officio
762 3013 879 3084 Petrini,
899 3017 948 3090 qui

48 3115 73 3152 nn
92 3101 160 3154 sunt
171 3094 265 3153 idonei
286 3095 323 3155 ad
337 3094 462 3154 officium
476 3094 660 3175 implendum,
676 3093 793 3153 filiolum
809 3094 948 3152 Doctrind

47 3173 102 3234 idei
113 3184 145 3234 et
158 3174 325 3234 Christianis
337 3176 458 3235 moribus
471 3174 656 3235 informando.

57 3255 100 3315 ll.
127 3255 207 3313 Hinc
224 3257 339 3316 Rituale
351 3257 439 3316 Rom.
453 3267 482 3315 ct
497 3256 642 3317 Pastorale
655 3265 778 3315 nostrum
792 3254 949 3313 excludunt

48 3334 165 3405 nfideles,
183 3335 350 3410 Harcticus,
364 3337 475 3416 publice
488 3339 745 3396 excommunicatus
757 3342 807 3393 aut
819 3335 947 3395 interdic·

48 3416 195 3496 apublicie
209 3419 367 3478 criminosos
381 3420 423 3479 vel
435 3419 564 3489 infames,
579 3420 702 3487 insanos,
718 3423 749 3474 ct
762 3417 810 3496 qni
822 3419 949 3495 ignorant

48 3497 179 3557 elimenta
195 3496 287 3557 Fidei.
394 3552 397 3557 .

59 3578 119 3638 ΙΙΙ.
143 3578 264 3639 Ulterius
277 3578 433 3642 excludunt
447 3579 607 3639 Monachus
619 3585 648 3639 et
660 3576 899 3650 Sanctimoniales,
919 3584 949 3635 et
996 3628 999 3633 .

47 3661 88 3719 ios
110 3659 230 3737 cujusvis
253 3659 365 3721 Ordinis
388 3660 545 3739 Regulures
568 3660 709 3720 bacculo
729 3666 894 3738 segregatos,
915 3665 950 3714 ut
