<?xml version="1.0" encoding="UTF-8"?>
<!DOCTYPE html PUBLIC "-//W3C//DTD XHTML 1.0 Transitional//EN"
    "http://www.w3.org/TR/xhtml1/DTD/xhtml1-transitional.dtd">
<html xmlns="http://www.w3.org/1999/xhtml" xml:lang="en" lang="en">
 <head>
  <title>
</title>
<meta http-equiv="Content-Type" content="text/html;charset=utf-8" />
  <meta name='ocr-system' content='tesseract 3.04.00' />
  <meta name='ocr-capabilities' content='ocr_page ocr_carea ocr_par ocr_line ocrx_word'/>
</head>
<body>
  <div class='ocr_page' id='page_1' title='image "./theologiamorali02densgoog_0167.png"; bbox 0 0 2130 3990; ppageno 0'>
   <div class='ocr_carea' id='block_1_1' title="bbox 103 176 658 239">
    <p class='ocr_par' dir='ltr' id='par_1_1' title="bbox 103 176 658 239">
     <span class='ocr_line' id='line_1_1' title="bbox 103 176 658 239; baseline 0.005 -3"><span class='ocrx_word' id='word_1_1' title='bbox 103 176 161 239; x_wconf 83' lang='lat' dir='ltr'><strong>tte</strong></span> <span class='ocrx_word' id='word_1_2' title='bbox 453 205 458 217; x_wconf 91' lang='lat'><strong>·</strong></span> <span class='ocrx_word' id='word_1_3' title='bbox 483 192 658 239; x_wconf 75' lang='lat' dir='ltr'><strong>ructares</strong></span> 
     </span>
    </p>
   </div>
   <div class='ocr_carea' id='block_1_2' title="bbox 102 398 1055 582">
    <p class='ocr_par' dir='ltr' id='par_1_2' title="bbox 102 398 1055 582">
     <span class='ocr_line' id='line_1_2' title="bbox 102 398 1055 518; baseline 0.002 -20"><span class='ocrx_word' id='word_1_4' title='bbox 102 437 145 499; x_wconf 78' lang='lat' dir='ltr'><strong>n.</strong></span> <span class='ocrx_word' id='word_1_5' title='bbox 161 438 214 518; x_wconf 65' lang='lat' dir='ltr'><strong>a</strong></span> <span class='ocrx_word' id='word_1_6' title='bbox 230 436 289 499; x_wconf 80' lang='lat' dir='ltr'><strong>na</strong></span> <span class='ocrx_word' id='word_1_7' title='bbox 315 430 565 500; x_wconf 61' lang='lat' dir='ltr'><strong>annosiora</strong></span> <span class='ocrx_word' id='word_1_8' title='bbox 592 432 861 499; x_wconf 75' lang='lat' dir='ltr'><strong>Necessaria</strong></span> <span class='ocrx_word' id='word_1_9' title='bbox 881 436 941 499; x_wconf 81' lang='lat' dir='ltr'><strong>An</strong></span> <span class='ocrx_word' id='word_1_10' title='bbox 960 434 1021 501; x_wconf 76' lang='lat' dir='ltr'><strong>vt.</strong></span> <span class='ocrx_word' id='word_1_11' title='bbox 1047 398 1055 439; x_wconf 83' lang='lat'><strong>&#39;&#39;</strong></span> 
     </span>
     <span class='ocr_line' id='line_1_3' title="bbox 318 518 796 582; baseline 0.006 -4"><span class='ocrx_word' id='word_1_12' title='bbox 318 518 487 580; x_wconf 68' lang='lat' dir='ltr'><strong>‚cornu</strong></span> <span class='ocrx_word' id='word_1_13' title='bbox 506 518 796 582; x_wconf 73' lang='lat' dir='ltr'><strong>socraticum.</strong></span> 
     </span>
    </p>
   </div>
   <div class='ocr_carea' id='block_1_3' title="bbox 103 720 1024 1047">
    <p class='ocr_par' dir='ltr' id='par_1_3' title="bbox 103 720 1024 1047">
     <span class='ocr_line' id='line_1_4' title="bbox 103 720 1023 801; baseline 0.002 -20"><span class='ocrx_word' id='word_1_14' title='bbox 103 721 128 781; x_wconf 92' lang='lat' dir='ltr'><strong>l.</strong></span> <span class='ocrx_word' id='word_1_15' title='bbox 143 720 261 783; x_wconf 81' lang='lat' dir='ltr'><strong>Ablutio</strong></span> <span class='ocrx_word' id='word_1_16' title='bbox 274 722 314 783; x_wconf 82' lang='lat' dir='ltr'><strong>nd</strong></span> <span class='ocrx_word' id='word_1_17' title='bbox 325 720 456 783; x_wconf 80' lang='lat' dir='ltr'><strong>valorem.</strong></span> <span class='ocrx_word' id='word_1_18' title='bbox 465 724 660 784; x_wconf 69' lang='lat' dir='ltr'><strong>sacramenti.</strong></span> <span class='ocrx_word' id='word_1_19' title='bbox 681 722 723 785; x_wconf 90' lang='lat'><strong>11.</strong></span> <span class='ocrx_word' id='word_1_20' title='bbox 739 727 779 781; x_wconf 53' lang='lat' dir='ltr'><strong>l*</strong></span> <span class='ocrx_word' id='word_1_21' title='bbox 797 722 891 785; x_wconf 78' lang='lat' dir='ltr'><strong>Debet</strong></span> <span class='ocrx_word' id='word_1_22' title='bbox 897 724 1023 801; x_wconf 79' lang='lat' dir='ltr'><strong>fieriper</strong></span> 
     </span>
     <span class='ocr_line' id='line_1_5' title="bbox 144 802 1022 866; baseline 0 -3"><span class='ocrx_word' id='word_1_23' title='bbox 144 802 331 864; x_wconf 80' lang='lat' dir='ltr'><strong>Mim&#39;etrum.</strong></span> <span class='ocrx_word' id='word_1_24' title='bbox 368 804 481 865; x_wconf 81' lang='lat'><strong>111.20·</strong></span> <span class='ocrx_word' id='word_1_25' title='bbox 512 804 604 866; x_wconf 81' lang='lat' dir='ltr'><strong>Debet</strong></span> <span class='ocrx_word' id='word_1_26' title='bbox 617 824 681 864; x_wconf 80' lang='lat' dir='ltr'><strong>eaeo</strong></span> <span class='ocrx_word' id='word_1_27' title='bbox 696 809 871 865; x_wconf 74' lang='lat' dir='ltr'><strong>successiva.</strong></span> <span class='ocrx_word' id='word_1_28' title='bbox 905 805 963 866; x_wconf 90' lang='lat' dir='ltr'><strong>IV.</strong></span> <span class='ocrx_word' id='word_1_29' title='bbox 987 804 1022 863; x_wconf 69' lang='lat' dir='ltr'><strong>es</strong></span> 
     </span>
     <span class='ocr_line' id='line_1_6' title="bbox 146 884 1024 967; baseline 0.001 -23"><span class='ocrx_word' id='word_1_30' title='bbox 146 884 320 945; x_wconf 72' lang='lat' dir='ltr'><strong>immediate</strong></span> <span class='ocrx_word' id='word_1_31' title='bbox 334 884 616 965; x_wconf 69' lang='lat' dir='ltr'><strong>aelntvaeorporn.</strong></span> <span class='ocrx_word' id='word_1_32' title='bbox 648 885 686 945; x_wconf 89' lang='lat' dir='ltr'><strong>V.</strong></span> <span class='ocrx_word' id='word_1_33' title='bbox 699 887 743 945; x_wconf 84' lang='lat'><strong>4⁰·</strong></span> <span class='ocrx_word' id='word_1_34' title='bbox 768 886 807 947; x_wconf 82' lang='lat' dir='ltr'><strong>Iu</strong></span> <span class='ocrx_word' id='word_1_35' title='bbox 817 884 946 947; x_wconf 74' lang='lat' dir='ltr'><strong>-notaeitt</strong></span> <span class='ocrx_word' id='word_1_36' title='bbox 958 902 1024 967; x_wconf 81' lang='lat' dir='ltr'><strong>aque</strong></span> 
     </span>
     <span class='ocr_line' id='line_1_7' title="bbox 144 970 604 1047; baseline 0.004 -22"><span class='ocrx_word' id='word_1_37' title='bbox 144 972 312 1046; x_wconf 72' lang='lat' dir='ltr'><strong>quantitate</strong></span> <span class='ocrx_word' id='word_1_38' title='bbox 326 975 355 1026; x_wconf 83' lang='lat' dir='ltr'><strong>et</strong></span> <span class='ocrx_word' id='word_1_39' title='bbox 362 975 451 1045; x_wconf 81' lang='lat' dir='ltr'><strong>porte</strong></span> <span class='ocrx_word' id='word_1_40' title='bbox 464 970 604 1047; x_wconf 70' lang='lat' dir='ltr'><strong>corporis.</strong></span> 
     </span>
    </p>
   </div>
   <div class='ocr_carea' id='block_1_4' title="bbox 105 1144 1055 3828">
    <p class='ocr_par' dir='ltr' id='par_1_4' title="bbox 105 1144 1025 1288">
     <span class='ocr_line' id='line_1_8' title="bbox 144 1144 1025 1217; baseline 0.006 -9"><span class='ocrx_word' id='word_1_41' title='bbox 144 1147 267 1217; x_wconf 58' lang='lat' dir='ltr'><strong>Quane</strong></span> <span class='ocrx_word' id='word_1_42' title='bbox 291 1148 376 1209; x_wconf 84' lang='lat' dir='ltr'><strong>debet</strong></span> <span class='ocrx_word' id='word_1_43' title='bbox 395 1169 456 1210; x_wconf 67' lang='lat' dir='ltr'><strong>eme</strong></span> <span class='ocrx_word' id='word_1_44' title='bbox 477 1150 528 1210; x_wconf 84' lang='lat' dir='ltr'><strong>illa</strong></span> <span class='ocrx_word' id='word_1_45' title='bbox 550 1151 658 1211; x_wconf 86' lang='lat' dir='ltr'><strong>ablutio</strong></span> <span class='ocrx_word' id='word_1_46' title='bbox 680 1149 717 1211; x_wconf 80' lang='lat' dir='ltr'><strong>tle</strong></span> <span class='ocrx_word' id='word_1_47' title='bbox 738 1144 909 1211; x_wconf 78' lang='lat' dir='ltr'><strong>necessitate</strong></span> <span class='ocrx_word' id='word_1_48' title='bbox 935 1150 1025 1213; x_wconf 82' lang='lat' dir='ltr'><strong>Sacra·</strong></span> 
     </span>
     <span class='ocr_line' id='line_1_9' title="bbox 105 1230 216 1288; baseline -0.009 0"><span class='ocrx_word' id='word_1_49' title='bbox 105 1230 216 1288; x_wconf 84' lang='lat' dir='ltr'><strong>mantii</strong></span> 
     </span>
    </p>

    <p class='ocr_par' dir='ltr' id='par_1_5' title="bbox 105 1309 1055 1553">
     <span class='ocr_line' id='line_1_10' title="bbox 147 1309 1055 1386; baseline 0.006 -18"><span class='ocrx_word' id='word_1_50' title='bbox 147 1310 174 1368; x_wconf 92' lang='lat'><strong>1.</strong></span> <span class='ocrx_word' id='word_1_51' title='bbox 200 1311 237 1369; x_wconf 79' lang='lat' dir='ltr'><strong>R.</strong></span> <span class='ocrx_word' id='word_1_52' title='bbox 261 1309 425 1371; x_wconf 66' lang='lat' dir='ltr'><strong>Genermim</strong></span> <span class='ocrx_word' id='word_1_53' title='bbox 439 1313 512 1386; x_wconf 79' lang='lat' dir='ltr'><strong>talis,</strong></span> <span class='ocrx_word' id='word_1_54' title='bbox 532 1322 567 1372; x_wconf 91' lang='lat' dir='ltr'><strong>ut</strong></span> <span class='ocrx_word' id='word_1_55' title='bbox 579 1311 711 1372; x_wconf 79' lang='lat' dir='ltr'>Minister</span> <span class='ocrx_word' id='word_1_56' title='bbox 722 1312 785 1371; x_wconf 74' lang='lat' dir='ltr'><strong>vere</strong></span> <span class='ocrx_word' id='word_1_57' title='bbox 799 1311 909 1372; x_wconf 83' lang='lat' dir='ltr'><strong>dicatur</strong></span> <span class='ocrx_word' id='word_1_58' title='bbox 922 1311 1026 1373; x_wconf 84' lang='lat' dir='ltr'><strong>abluere</strong></span> <span class='ocrx_word' id='word_1_59' title='bbox 1050 1336 1055 1383; x_wconf 62' lang='grc' dir='ltr'><strong><em>ε</em></strong></span> 
     </span>
     <span class='ocr_line' id='line_1_11' title="bbox 106 1390 1055 1471; baseline 0.004 -21"><span class='ocrx_word' id='word_1_60' title='bbox 106 1390 321 1471; x_wconf 65' lang='lat' dir='ltr'><strong>baptizandum</strong></span> <span class='ocrx_word' id='word_1_61' title='bbox 340 1396 381 1452; x_wconf 90' lang='lat' dir='ltr'><strong>ita</strong></span> <span class='ocrx_word' id='word_1_62' title='bbox 395 1402 429 1452; x_wconf 84' lang='lat' dir='ltr'><strong>u&#39;t</strong></span> <span class='ocrx_word' id='word_1_63' title='bbox 452 1392 502 1453; x_wconf 91' lang='lat' dir='ltr'><strong>hic</strong></span> <span class='ocrx_word' id='word_1_64' title='bbox 525 1394 667 1452; x_wconf 70' lang='lat' dir='ltr'><strong>moraliter</strong></span> <span class='ocrx_word' id='word_1_65' title='bbox 678 1402 825 1452; x_wconf 83' lang='lat' dir='ltr'><strong>censeatur</strong></span> <span class='ocrx_word' id='word_1_66' title='bbox 836 1392 911 1453; x_wconf 86' lang='lat' dir='ltr'><strong>lotus</strong></span> <span class='ocrx_word' id='word_1_67' title='bbox 924 1410 975 1453; x_wconf 82' lang='lat' dir='ltr'><strong>sen</strong></span> <span class='ocrx_word' id='word_1_68' title='bbox 986 1397 1026 1454; x_wconf 62' lang='lat' dir='ltr'><strong>ele</strong></span> <span class='ocrx_word' id='word_1_69' title='bbox 1052 1394 1055 1417; x_wconf 75' lang='lat'><em>⁴</em></span> 
     </span>
     <span class='ocr_line' id='line_1_12' title="bbox 105 1471 713 1553; baseline 0.005 -23"><span class='ocrx_word' id='word_1_70' title='bbox 105 1471 198 1532; x_wconf 85' lang='lat' dir='ltr'><strong>lutus:</strong></span> <span class='ocrx_word' id='word_1_71' title='bbox 220 1476 350 1551; x_wconf 79' lang='lat' dir='ltr'><strong>quocirca</strong></span> <span class='ocrx_word' id='word_1_72' title='bbox 362 1476 537 1553; x_wconf 87' lang='lat' dir='ltr'><strong>requiruntur</strong></span> <span class='ocrx_word' id='word_1_73' title='bbox 548 1495 579 1533; x_wconf 84' lang='lat' dir='ltr'><strong>so</strong></span> <span class='ocrx_word' id='word_1_74' title='bbox 600 1475 713 1533; x_wconf 81' lang='lat' dir='ltr'><strong>uentiat</strong></span> 
     </span>
    </p>

    <p class='ocr_par' dir='ltr' id='par_1_6' title="bbox 108 1496 1030 1965">
     <span class='ocr_line' id='line_1_13' title="bbox 149 1496 1028 1636; baseline 0.005 -23"><span class='ocrx_word' id='word_1_75' title='bbox 149 1554 192 1613; x_wconf 91' lang='lat' dir='ltr'><strong>ll.</strong></span> <span class='ocrx_word' id='word_1_76' title='bbox 209 1557 250 1612; x_wconf 75' lang='lat'><strong>10‘</strong></span> <span class='ocrx_word' id='word_1_77' title='bbox 264 1554 307 1616; x_wconf 88' lang='lat' dir='ltr'><strong>Ut</strong></span> <span class='ocrx_word' id='word_1_78' title='bbox 319 1554 426 1614; x_wconf 87' lang='lat' dir='ltr'><strong>ablutio</strong></span> <span class='ocrx_word' id='word_1_79' title='bbox 438 1556 489 1615; x_wconf 87' lang='lat' dir='ltr'><strong>liat</strong></span> <span class='ocrx_word' id='word_1_80' title='bbox 501 1575 550 1636; x_wconf 84' lang='lat' dir='ltr'><strong>per</strong></span> <span class='ocrx_word' id='word_1_81' title='bbox 563 1496 735 1623; x_wconf 68' lang='lat' dir='ltr'><strong>llinistrum,</strong></span> <span class='ocrx_word' id='word_1_82' title='bbox 754 1572 804 1614; x_wconf 84' lang='lat' dir='ltr'><strong>seu</strong></span> <span class='ocrx_word' id='word_1_83' title='bbox 818 1554 963 1615; x_wconf 75' lang='lat' dir='ltr'><strong>mediante</strong></span> <span class='ocrx_word' id='word_1_84' title='bbox 975 1554 1028 1636; x_wconf 83' lang='lat' dir='ltr'><strong>ejut</strong></span> 
     </span>
     <span class='ocr_line' id='line_1_14' title="bbox 108 1634 1029 1717; baseline 0.004 -24"><span class='ocrx_word' id='word_1_85' title='bbox 108 1637 219 1695; x_wconf 89' lang='lat' dir='ltr'><strong>actione</strong></span> <span class='ocrx_word' id='word_1_86' title='bbox 230 1656 238 1705; x_wconf 90' lang='lat'>;</span> <span class='ocrx_word' id='word_1_87' title='bbox 251 1634 482 1717; x_wconf 74' lang='lat' dir='ltr'><strong>alioquin-enim</strong></span> <span class='ocrx_word' id='word_1_88' title='bbox 506 1657 562 1695; x_wconf 91' lang='lat' dir='ltr'><strong>non</strong></span> <span class='ocrx_word' id='word_1_89' title='bbox 581 1645 677 1715; x_wconf 84' lang='lat' dir='ltr'><strong>posset</strong></span> <span class='ocrx_word' id='word_1_90' title='bbox 696 1636 762 1696; x_wconf 74' lang='lat' dir='ltr'><strong>vare</strong></span> <span class='ocrx_word' id='word_1_91' title='bbox 786 1635 896 1695; x_wconf 91' lang='lat' dir='ltr'><strong>dicere:</strong></span> <span class='ocrx_word' id='word_1_92' title='bbox 919 1634 1029 1715; x_wconf 81' lang='lat' dir='ltr'><strong>Egote</strong></span> 
     </span>
     <span class='ocr_line' id='line_1_15' title="bbox 110 1712 1029 1797; baseline 0.004 -22"><span class='ocrx_word' id='word_1_93' title='bbox 110 1717 244 1793; x_wconf 75' lang='lat' dir='ltr'><strong>bapte‘203</strong></span> <span class='ocrx_word' id='word_1_94' title='bbox 254 1716 329 1776; x_wconf 87' lang='lat' dir='ltr'><strong>unde</strong></span> <span class='ocrx_word' id='word_1_95' title='bbox 342 1720 365 1776; x_wconf 88' lang='lat' dir='ltr'><strong>si</strong></span> <span class='ocrx_word' id='word_1_96' title='bbox 379 1718 474 1778; x_wconf 86' lang='lat' dir='ltr'><strong>videns</strong></span> <span class='ocrx_word' id='word_1_97' title='bbox 486 1717 645 1784; x_wconf 73' lang='lat' dir='ltr'><strong>cadentem,</strong></span> <span class='ocrx_word' id='word_1_98' title='bbox 660 1718 703 1775; x_wconf 88' lang='lat' dir='ltr'><strong>vel</strong></span> <span class='ocrx_word' id='word_1_99' title='bbox 717 1712 753 1777; x_wconf 86' lang='lat' dir='ltr'><strong>ab</strong></span> <span class='ocrx_word' id='word_1_100' title='bbox 767 1716 824 1776; x_wconf 86' lang='lat' dir='ltr'><strong>alio</strong></span> <span class='ocrx_word' id='word_1_101' title='bbox 837 1718 992 1797; x_wconf 90' lang='lat' dir='ltr'><strong>projectum</strong></span> <span class='ocrx_word' id='word_1_102' title='bbox 1003 1720 1029 1779; x_wconf 91' lang='lat' dir='ltr'><strong>in</strong></span> 
     </span>
     <span class='ocr_line' id='line_1_16' title="bbox 108 1796 1030 1880; baseline 0.005 -26"><span class='ocrx_word' id='word_1_103' title='bbox 108 1796 227 1870; x_wconf 88' lang='lat' dir='ltr'><strong>flumen,</strong></span> <span class='ocrx_word' id='word_1_104' title='bbox 258 1807 309 1857; x_wconf 89' lang='lat' dir='ltr'><strong>aut</strong></span> <span class='ocrx_word' id='word_1_105' title='bbox 330 1798 410 1858; x_wconf 82' lang='lat' dir='ltr'><strong>aliter</strong></span> <span class='ocrx_word' id='word_1_106' title='bbox 431 1801 505 1880; x_wconf 72' lang='lat' dir='ltr'><strong>aqui</strong></span> <span class='ocrx_word' id='word_1_107' title='bbox 528 1799 664 1871; x_wconf 85' lang='lat' dir='ltr'><strong>ablutum,</strong></span> <span class='ocrx_word' id='word_1_108' title='bbox 689 1799 771 1858; x_wconf 86' lang='lat' dir='ltr'><strong>verbe</strong></span> <span class='ocrx_word' id='word_1_109' title='bbox 793 1796 892 1859; x_wconf 76' lang='lat' dir='ltr'><strong>forma</strong></span> <span class='ocrx_word' id='word_1_110' title='bbox 906 1797 1030 1879; x_wconf 70' lang='lat' dir='ltr'><strong>proferet</strong></span> 
     </span>
     <span class='ocr_line' id='line_1_17' title="bbox 109 1878 1023 1965; baseline 0.004 -28"><span class='ocrx_word' id='word_1_111' title='bbox 109 1879 220 1938; x_wconf 87' lang='lat' dir='ltr'><strong>nullum</strong></span> <span class='ocrx_word' id='word_1_112' title='bbox 233 1878 286 1937; x_wconf 84' lang='lat' dir='ltr'><strong>erit</strong></span> <span class='ocrx_word' id='word_1_113' title='bbox 298 1881 524 1941; x_wconf 73' lang='lat' dir='ltr'><strong>Sacramentum.</strong></span> <span class='ocrx_word' id='word_1_114' title='bbox 600 1908 603 1913; x_wconf 56' lang='lat'>&gt;</span> <span class='ocrx_word' id='word_1_115' title='bbox 1002 1945 1023 1965; x_wconf 64' lang='lat'><strong>„-</strong></span> 
     </span>
    </p>

    <p class='ocr_par' dir='ltr' id='par_1_7' title="bbox 110 1958 1032 2202">
     <span class='ocr_line' id='line_1_18' title="bbox 150 1958 1032 2042; baseline 0.001 -25"><span class='ocrx_word' id='word_1_116' title='bbox 150 1958 233 2018; x_wconf 90' lang='lat' dir='ltr'><strong>Idem</strong></span> <span class='ocrx_word' id='word_1_117' title='bbox 253 1960 421 2040; x_wconf 77' lang='lat' dir='ltr'><strong>probabilius</strong></span> <span class='ocrx_word' id='word_1_118' title='bbox 440 1961 558 2032; x_wconf 82' lang='lat' dir='ltr'><strong>videtur,</strong></span> <span class='ocrx_word' id='word_1_119' title='bbox 577 1965 600 2022; x_wconf 90' lang='lat' dir='ltr'><strong>ei</strong></span> <span class='ocrx_word' id='word_1_120' title='bbox 615 1963 770 2042; x_wconf 83' lang='lat' dir='ltr'><strong>baptizetur</strong></span> <span class='ocrx_word' id='word_1_121' title='bbox 782 1964 845 2021; x_wconf 87' lang='lat' dir='ltr'><strong>nive</strong></span> <span class='ocrx_word' id='word_1_122' title='bbox 858 1961 903 2021; x_wconf 87' lang='lat' dir='ltr'><strong>vel</strong></span> <span class='ocrx_word' id='word_1_123' title='bbox 916 1958 1032 2041; x_wconf 75' lang='lat' dir='ltr'><strong>glaciei</strong></span> 
     </span>
     <span class='ocr_line' id='line_1_19' title="bbox 112 2041 1031 2124; baseline 0.001 -24"><span class='ocrx_word' id='word_1_124' title='bbox 112 2041 248 2100; x_wconf 81' lang='lat' dir='ltr'><strong>Ministro</strong></span> <span class='ocrx_word' id='word_1_125' title='bbox 267 2042 382 2121; x_wconf 85' lang='lat' dir='ltr'><strong>quidem</strong></span> <span class='ocrx_word' id='word_1_126' title='bbox 396 2044 546 2124; x_wconf 82' lang='lat' dir='ltr'><strong>opplicatt,</strong></span> <span class='ocrx_word' id='word_1_127' title='bbox 566 2043 616 2103; x_wconf 88' lang='lat' dir='ltr'><strong>sed</strong></span> <span class='ocrx_word' id='word_1_128' title='bbox 630 2044 722 2102; x_wconf 84' lang='lat' dir='ltr'><strong>calore</strong></span> <span class='ocrx_word' id='word_1_129' title='bbox 735 2045 856 2122; x_wconf 87' lang='lat' dir='ltr'><strong>corporis</strong></span> <span class='ocrx_word' id='word_1_130' title='bbox 870 2041 1031 2123; x_wconf 82' lang='lat' dir='ltr'><strong>baptizandi</strong></span> 
     </span>
     <span class='ocr_line' id='line_1_20' title="bbox 110 2123 668 2202; baseline 0 -20"><span class='ocrx_word' id='word_1_131' title='bbox 110 2130 175 2201; x_wconf 87' lang='lat' dir='ltr'><strong>poet</strong></span> <span class='ocrx_word' id='word_1_132' title='bbox 187 2123 402 2202; x_wconf 86' lang='lat' dir='ltr'><strong>applicationem</strong></span> <span class='ocrx_word' id='word_1_133' title='bbox 416 2126 525 2185; x_wconf 88' lang='lat' dir='ltr'><strong>tautum</strong></span> <span class='ocrx_word' id='word_1_134' title='bbox 539 2125 668 2185; x_wconf 74' lang='lat' dir='ltr'><strong>resoluta.</strong></span> 
     </span>
    </p>

    <p class='ocr_par' dir='ltr' id='par_1_8' title="bbox 110 2202 1036 2609">
     <span class='ocr_line' id='line_1_21' title="bbox 150 2202 1034 2285; baseline 0.001 -23"><span class='ocrx_word' id='word_1_135' title='bbox 150 2202 221 2262; x_wconf 89' lang='lat' dir='ltr'><strong>Non</strong></span> <span class='ocrx_word' id='word_1_136' title='bbox 242 2213 284 2262; x_wconf 90' lang='lat' dir='ltr'><strong>est</strong></span> <span class='ocrx_word' id='word_1_137' title='bbox 306 2211 403 2264; x_wconf 86' lang='lat' dir='ltr'><strong>tamen</strong></span> <span class='ocrx_word' id='word_1_138' title='bbox 425 2216 598 2280; x_wconf 69' lang='lat' dir='ltr'><strong>accessam</strong></span> <span class='ocrx_word' id='word_1_139' title='bbox 618 2205 747 2263; x_wconf 85' lang='lat' dir='ltr'><strong>Minister</strong></span> <span class='ocrx_word' id='word_1_140' title='bbox 767 2202 933 2265; x_wconf 68' lang='lat' dir='ltr'><strong>immediate</strong></span> <span class='ocrx_word' id='word_1_141' title='bbox 946 2210 1034 2285; x_wconf 78' lang='lat' dir='ltr'><strong>tangat</strong></span> 
     </span>
     <span class='ocr_line' id='line_1_22' title="bbox 111 2284 1034 2366; baseline 0.003 -24"><span class='ocrx_word' id='word_1_142' title='bbox 111 2304 216 2362; x_wconf 86' lang='lat' dir='ltr'><strong>aquam</strong></span> <span class='ocrx_word' id='word_1_143' title='bbox 239 2284 282 2343; x_wconf 88' lang='lat' dir='ltr'><strong>vel</strong></span> <span class='ocrx_word' id='word_1_144' title='bbox 304 2284 396 2364; x_wconf 85' lang='lat' dir='ltr'><strong>ipsum</strong></span> <span class='ocrx_word' id='word_1_145' title='bbox 415 2287 634 2366; x_wconf 83' lang='lat' dir='ltr'><strong>baptizandum:</strong></span> <span class='ocrx_word' id='word_1_146' title='bbox 657 2286 733 2344; x_wconf 86' lang='lat' dir='ltr'><strong>unde</strong></span> <span class='ocrx_word' id='word_1_147' title='bbox 747 2285 918 2364; x_wconf 85' lang='lat' dir='ltr'><strong>quibusdam</strong></span> <span class='ocrx_word' id='word_1_148' title='bbox 930 2288 959 2344; x_wconf 93' lang='lat' dir='ltr'><strong>in</strong></span> <span class='ocrx_word' id='word_1_149' title='bbox 972 2286 1034 2361; x_wconf 75' lang='lat' dir='ltr'><strong>locis</strong></span> 
     </span>
     <span class='ocr_line' id='line_1_23' title="bbox 110 2365 1034 2447; baseline 0.003 -23"><span class='ocrx_word' id='word_1_150' title='bbox 110 2384 184 2443; x_wconf 88' lang='lat' dir='ltr'><strong>aqua</strong></span> <span class='ocrx_word' id='word_1_151' title='bbox 196 2368 224 2424; x_wconf 89' lang='lat' dir='ltr'><strong>in</strong></span> <span class='ocrx_word' id='word_1_152' title='bbox 239 2365 404 2445; x_wconf 81' lang='lat' dir='ltr'><strong>baptizandi</strong></span> <span class='ocrx_word' id='word_1_153' title='bbox 418 2376 504 2445; x_wconf 87' lang='lat' dir='ltr'><strong>caput</strong></span> <span class='ocrx_word' id='word_1_154' title='bbox 517 2366 668 2426; x_wconf 83' lang='lat' dir='ltr'><strong>effunditur</strong></span> <span class='ocrx_word' id='word_1_155' title='bbox 691 2386 740 2447; x_wconf 82' lang='lat' dir='ltr'><strong>per</strong></span> <span class='ocrx_word' id='word_1_156' title='bbox 752 2366 906 2440; x_wconf 75' lang='lat' dir='ltr'><strong>concham3</strong></span> <span class='ocrx_word' id='word_1_157' title='bbox 934 2375 1034 2446; x_wconf 79' lang='lat' dir='ltr'><strong>posset·</strong></span> 
     </span>
     <span class='ocr_line' id='line_1_24' title="bbox 111 2446 1036 2524; baseline 0.005 -21"><span class='ocrx_word' id='word_1_158' title='bbox 111 2465 166 2524; x_wconf 88' lang='lat' dir='ltr'><strong>que</strong></span> <span class='ocrx_word' id='word_1_159' title='bbox 180 2448 266 2505; x_wconf 89' lang='lat' dir='ltr'><strong>etiam</strong></span> <span class='ocrx_word' id='word_1_160' title='bbox 279 2447 329 2506; x_wconf 87' lang='lat' dir='ltr'><strong>tali</strong></span> <span class='ocrx_word' id='word_1_161' title='bbox 342 2448 426 2508; x_wconf 91' lang='lat' dir='ltr'><strong>modo</strong></span> <span class='ocrx_word' id='word_1_162' title='bbox 439 2449 493 2507; x_wconf 91' lang='lat' dir='ltr'><strong>sibi</strong></span> <span class='ocrx_word' id='word_1_163' title='bbox 506 2450 649 2508; x_wconf 85' lang='lat' dir='ltr'><strong>consulere</strong></span> <span class='ocrx_word' id='word_1_164' title='bbox 660 2449 793 2507; x_wconf 87' lang='lat' dir='ltr'><strong>Minister</strong></span> <span class='ocrx_word' id='word_1_165' title='bbox 801 2456 899 2507; x_wconf 82' lang='lat' dir='ltr'><strong>contre</strong></span> <span class='ocrx_word' id='word_1_166' title='bbox 912 2446 1036 2509; x_wconf 86' lang='lat' dir='ltr'><strong>morbum</strong></span> 
     </span>
     <span class='ocr_line' id='line_1_25' title="bbox 111 2529 1017 2609; baseline 0.007 -25"><span class='ocrx_word' id='word_1_167' title='bbox 111 2529 313 2604; x_wconf 83' lang='lat' dir='ltr'><strong>contagiosum,</strong></span> <span class='ocrx_word' id='word_1_168' title='bbox 330 2549 354 2588; x_wconf 87' lang='lat' dir='ltr'><strong>v.</strong></span> <span class='ocrx_word' id='word_1_169' title='bbox 368 2550 396 2609; x_wconf 79' lang='lat' dir='ltr'><strong>g.</strong></span> <span class='ocrx_word' id='word_1_170' title='bbox 410 2538 535 2609; x_wconf 84' lang='lat' dir='ltr'><strong>tempore</strong></span> <span class='ocrx_word' id='word_1_171' title='bbox 549 2533 642 2609; x_wconf 87' lang='lat' dir='ltr'><strong>pestis.</strong></span> <span class='ocrx_word' id='word_1_172' title='bbox 1015 2594 1017 2599; x_wconf 28' lang='lat'><strong>,</strong></span> 
     </span>
    </p>

    <p class='ocr_par' dir='ltr' id='par_1_9' title="bbox 110 2606 1037 3073">
     <span class='ocr_line' id='line_1_26' title="bbox 154 2606 1037 2690; baseline 0.003 -24"><span class='ocrx_word' id='word_1_173' title='bbox 154 2606 216 2669; x_wconf 83' lang='lat'>111.</span> <span class='ocrx_word' id='word_1_174' title='bbox 237 2610 282 2667; x_wconf 67' lang='grc'><strong>20·</strong></span> <span class='ocrx_word' id='word_1_175' title='bbox 306 2610 477 2690; x_wconf 80' lang='lat' dir='ltr'><strong>Requiritur,</strong></span> <span class='ocrx_word' id='word_1_176' title='bbox 499 2619 530 2670; x_wconf 91' lang='lat' dir='ltr'><strong>ut</strong></span> <span class='ocrx_word' id='word_1_177' title='bbox 543 2611 648 2671; x_wconf 84' lang='lat' dir='ltr'><strong>ablutio</strong></span> <span class='ocrx_word' id='word_1_178' title='bbox 664 2615 701 2670; x_wconf 91' lang='lat' dir='ltr'><strong>sit</strong></span> <span class='ocrx_word' id='word_1_179' title='bbox 712 2613 872 2684; x_wconf 86' lang='lat' dir='ltr'><strong>successiva,</strong></span> <span class='ocrx_word' id='word_1_180' title='bbox 891 2612 932 2670; x_wconf 90' lang='lat' dir='ltr'><strong>ita</strong></span> <span class='ocrx_word' id='word_1_181' title='bbox 944 2609 1037 2670; x_wconf 86' lang='lat' dir='ltr'><strong>utliat</strong></span> 
     </span>
     <span class='ocr_line' id='line_1_27' title="bbox 112 2690 1034 2771; baseline 0.001 -22"><span class='ocrx_word' id='word_1_182' title='bbox 112 2708 177 2749; x_wconf 88' lang='lat' dir='ltr'><strong>cum</strong></span> <span class='ocrx_word' id='word_1_183' title='bbox 194 2690 288 2770; x_wconf 80' lang='lat' dir='ltr'><strong>aliquo</strong></span> <span class='ocrx_word' id='word_1_184' title='bbox 304 2703 383 2751; x_wconf 88' lang='lat' dir='ltr'><strong>motu</strong></span> <span class='ocrx_word' id='word_1_185' title='bbox 407 2691 555 2751; x_wconf 74' lang='lat' dir='ltr'><strong>contactus</strong></span> <span class='ocrx_word' id='word_1_186' title='bbox 578 2694 724 2753; x_wconf 83' lang='lat' dir='ltr'><strong>successivi</strong></span> <span class='ocrx_word' id='word_1_187' title='bbox 741 2712 821 2771; x_wconf 87' lang='lat' dir='ltr'><strong>aquae</strong></span> <span class='ocrx_word' id='word_1_188' title='bbox 836 2694 910 2750; x_wconf 86' lang='lat' dir='ltr'><strong>circa</strong></span> <span class='ocrx_word' id='word_1_189' title='bbox 923 2710 1034 2771; x_wconf 77' lang='lat' dir='ltr'><strong>corpus3</strong></span> 
     </span>
     <span class='ocr_line' id='line_1_28' title="bbox 110 2773 1036 2852; baseline 0.002 -22"><span class='ocrx_word' id='word_1_190' title='bbox 110 2773 169 2830; x_wconf 85' lang='lat' dir='ltr'><strong>sive</strong></span> <span class='ocrx_word' id='word_1_191' title='bbox 183 2778 327 2831; x_wconf 82' lang='lat' dir='ltr'><strong>contactus</strong></span> <span class='ocrx_word' id='word_1_192' title='bbox 341 2774 390 2834; x_wconf 87' lang='lat' dir='ltr'><strong>ille</strong></span> <span class='ocrx_word' id='word_1_193' title='bbox 403 2774 573 2831; x_wconf 65' lang='lat' dir='ltr'><strong>monasticus</strong></span> <span class='ocrx_word' id='word_1_194' title='bbox 587 2777 693 2833; x_wconf 86' lang='lat' dir='ltr'><strong>oriatur</strong></span> <span class='ocrx_word' id='word_1_195' title='bbox 705 2794 743 2832; x_wconf 88' lang='lat' dir='ltr'><strong>ex</strong></span> <span class='ocrx_word' id='word_1_196' title='bbox 762 2773 1036 2852; x_wconf 73' lang='lat' dir='ltr'><strong>applicationesque</strong></span> 
     </span>
     <span class='ocr_line' id='line_1_29' title="bbox 111 2851 1034 2935; baseline 0.001 -24"><span class='ocrx_word' id='word_1_197' title='bbox 111 2851 147 2911; x_wconf 85' lang='lat' dir='ltr'><strong>ad</strong></span> <span class='ocrx_word' id='word_1_198' title='bbox 163 2871 262 2932; x_wconf 85' lang='lat' dir='ltr'><strong>corpus</strong></span> <span class='ocrx_word' id='word_1_199' title='bbox 287 2853 383 2935; x_wconf 89' lang='lat' dir='ltr'><strong>(prout</strong></span> <span class='ocrx_word' id='word_1_200' title='bbox 397 2856 431 2914; x_wconf 85' lang='lat' dir='ltr'><strong>fit</strong></span> <span class='ocrx_word' id='word_1_201' title='bbox 450 2856 479 2912; x_wconf 89' lang='lat' dir='ltr'><strong>io</strong></span> <span class='ocrx_word' id='word_1_202' title='bbox 503 2854 647 2932; x_wconf 89' lang='lat' dir='ltr'><strong>Baptismo</strong></span> <span class='ocrx_word' id='word_1_203' title='bbox 661 2874 710 2935; x_wconf 88' lang='lat' dir='ltr'><strong>per</strong></span> <span class='ocrx_word' id='word_1_204' title='bbox 723 2853 905 2933; x_wconf 87' lang='lat' dir='ltr'><strong>effusionem)</strong></span> <span class='ocrx_word' id='word_1_205' title='bbox 932 2855 990 2912; x_wconf 87' lang='lat' dir='ltr'><strong>siva</strong></span> <span class='ocrx_word' id='word_1_206' title='bbox 1002 2870 1034 2913; x_wconf 84' lang='lat' dir='ltr'><strong>ex</strong></span> 
     </span>
     <span class='ocr_line' id='line_1_30' title="bbox 111 2933 1034 3025; baseline 0.002 -34"><span class='ocrx_word' id='word_1_207' title='bbox 111 2934 299 3012; x_wconf 84' lang='lat' dir='ltr'><strong>applicatione</strong></span> <span class='ocrx_word' id='word_1_208' title='bbox 322 2939 438 3016; x_wconf 82' lang='lat' dir='ltr'><strong>corporis</strong></span> <span class='ocrx_word' id='word_1_209' title='bbox 460 2933 499 2994; x_wconf 89' lang='lat' dir='ltr'><strong>ad</strong></span> <span class='ocrx_word' id='word_1_210' title='bbox 520 2956 634 3014; x_wconf 88' lang='lat' dir='ltr'><strong>aquam,</strong></span> <span class='ocrx_word' id='word_1_211' title='bbox 655 2946 688 2996; x_wconf 91' lang='lat' dir='ltr'><strong>ut</strong></span> <span class='ocrx_word' id='word_1_212' title='bbox 713 2938 742 2995; x_wconf 90' lang='lat' dir='ltr'><strong>in</strong></span> <span class='ocrx_word' id='word_1_213' title='bbox 766 2934 912 3014; x_wconf 88' lang='lat' dir='ltr'><strong>Baptismo</strong></span> <span class='ocrx_word' id='word_1_214' title='bbox 925 2937 1034 3025; x_wconf 82' lang='lat' dir='ltr'><strong>perim-</strong></span> 
     </span>
     <span class='ocr_line' id='line_1_31' title="bbox 111 3032 862 3073; baseline 0 0"><span class='ocrx_word' id='word_1_215' title='bbox 111 3033 285 3073; x_wconf 83' lang='lat' dir='ltr'><strong>mersronem.</strong></span> <span class='ocrx_word' id='word_1_216' title='bbox 859 3032 862 3037; x_wconf 89' lang='lat'>·</span> 
     </span>
    </p>

    <p class='ocr_par' dir='ltr' id='par_1_10' title="bbox 113 3094 1036 3339">
     <span class='ocr_line' id='line_1_32' title="bbox 154 3094 1036 3178; baseline 0.001 -24"><span class='ocrx_word' id='word_1_217' title='bbox 154 3095 235 3155; x_wconf 90' lang='lat' dir='ltr'><strong>Hinc</strong></span> <span class='ocrx_word' id='word_1_218' title='bbox 249 3094 384 3156; x_wconf 86' lang='lat' dir='ltr'><strong>invalidus</strong></span> <span class='ocrx_word' id='word_1_219' title='bbox 397 3096 467 3156; x_wconf 85' lang='lat' dir='ltr'><strong>foret</strong></span> <span class='ocrx_word' id='word_1_220' title='bbox 481 3098 651 3177; x_wconf 88' lang='lat' dir='ltr'><strong>Baptismus,</strong></span> <span class='ocrx_word' id='word_1_221' title='bbox 666 3100 690 3158; x_wconf 88' lang='lat' dir='ltr'><strong>si</strong></span> <span class='ocrx_word' id='word_1_222' title='bbox 703 3096 889 3178; x_wconf 63' lang='lat' dir='ltr'><strong>baptizandus</strong></span> <span class='ocrx_word' id='word_1_223' title='bbox 902 3102 1036 3157; x_wconf 61' lang='lat' dir='ltr'><strong>moeretur</strong></span> 
     </span>
     <span class='ocr_line' id='line_1_33' title="bbox 113 3178 1035 3258; baseline 0.003 -24"><span class='ocrx_word' id='word_1_224' title='bbox 113 3178 247 3236; x_wconf 87' lang='lat' dir='ltr'><strong>immotus</strong></span> <span class='ocrx_word' id='word_1_225' title='bbox 256 3181 286 3236; x_wconf 91' lang='lat' dir='ltr'><strong>in</strong></span> <span class='ocrx_word' id='word_1_226' title='bbox 299 3197 376 3256; x_wconf 87' lang='lat' dir='ltr'><strong>aqua</strong></span> <span class='ocrx_word' id='word_1_227' title='bbox 389 3183 508 3238; x_wconf 88' lang='lat' dir='ltr'><strong>immota</strong></span> <span class='ocrx_word' id='word_1_228' title='bbox 516 3199 524 3248; x_wconf 89' lang='lat'>;</span> <span class='ocrx_word' id='word_1_229' title='bbox 546 3182 615 3238; x_wconf 86' lang='lat' dir='ltr'><strong>item</strong></span> <span class='ocrx_word' id='word_1_230' title='bbox 625 3183 649 3238; x_wconf 85' lang='lat' dir='ltr'><strong>si</strong></span> <span class='ocrx_word' id='word_1_231' title='bbox 660 3180 751 3239; x_wconf 77' lang='lat' dir='ltr'><strong>solum</strong></span> <span class='ocrx_word' id='word_1_232' title='bbox 766 3181 876 3258; x_wconf 85' lang='lat' dir='ltr'><strong>aliquot</strong></span> <span class='ocrx_word' id='word_1_233' title='bbox 888 3189 978 3258; x_wconf 75' lang='lat' dir='ltr'><strong>guttae</strong></span> <span class='ocrx_word' id='word_1_234' title='bbox 991 3180 1035 3237; x_wconf 89' lang='lat' dir='ltr'><strong>im-</strong></span> 
     </span>
     <span class='ocr_line' id='line_1_34' title="bbox 114 3259 1002 3339; baseline 0.001 -24"><span class='ocrx_word' id='word_1_235' title='bbox 114 3265 198 3316; x_wconf 83' lang='lat' dir='ltr'><strong>motae</strong></span> <span class='ocrx_word' id='word_1_236' title='bbox 213 3267 375 3319; x_wconf 87' lang='lat' dir='ltr'><strong>remaueant</strong></span> <span class='ocrx_word' id='word_1_237' title='bbox 387 3262 416 3318; x_wconf 90' lang='lat' dir='ltr'><strong>in</strong></span> <span class='ocrx_word' id='word_1_238' title='bbox 430 3259 491 3338; x_wconf 90' lang='lat' dir='ltr'><strong>ejus</strong></span> <span class='ocrx_word' id='word_1_239' title='bbox 504 3259 595 3318; x_wconf 84' lang='lat' dir='ltr'><strong>fronte</strong></span> <span class='ocrx_word' id='word_1_240' title='bbox 609 3261 714 3339; x_wconf 87' lang='lat' dir='ltr'><strong>absque</strong></span> <span class='ocrx_word' id='word_1_241' title='bbox 728 3263 805 3320; x_wconf 92' lang='lat' dir='ltr'><strong>omni</strong></span> <span class='ocrx_word' id='word_1_242' title='bbox 818 3268 896 3319; x_wconf 90' lang='lat' dir='ltr'><strong>motu</strong></span> <span class='ocrx_word' id='word_1_243' title='bbox 910 3259 1002 3318; x_wconf 87' lang='lat' dir='ltr'><strong>locali.</strong></span> 
     </span>
    </p>

    <p class='ocr_par' dir='ltr' id='par_1_11' title="bbox 112 3338 1038 3582">
     <span class='ocr_line' id='line_1_35' title="bbox 154 3338 1037 3423; baseline 0.003 -27"><span class='ocrx_word' id='word_1_244' title='bbox 154 3338 210 3400; x_wconf 89' lang='lat' dir='ltr'><strong>IV.</strong></span> <span class='ocrx_word' id='word_1_245' title='bbox 223 3342 266 3398; x_wconf 86' lang='lat'><strong>30·</strong></span> <span class='ocrx_word' id='word_1_246' title='bbox 280 3341 375 3400; x_wconf 88' lang='lat' dir='ltr'><strong>Debet</strong></span> <span class='ocrx_word' id='word_1_247' title='bbox 382 3360 442 3400; x_wconf 89' lang='lat' dir='ltr'><strong>esse</strong></span> <span class='ocrx_word' id='word_1_248' title='bbox 450 3340 557 3400; x_wconf 91' lang='lat' dir='ltr'><strong>ablutio</strong></span> <span class='ocrx_word' id='word_1_249' title='bbox 566 3343 650 3421; x_wconf 87' lang='lat' dir='ltr'><strong>ipsius</strong></span> <span class='ocrx_word' id='word_1_250' title='bbox 663 3343 784 3423; x_wconf 86' lang='lat' dir='ltr'><strong>corporis</strong></span> <span class='ocrx_word' id='word_1_251' title='bbox 793 3361 841 3421; x_wconf 85' lang='lat' dir='ltr'><strong>per</strong></span> <span class='ocrx_word' id='word_1_252' title='bbox 849 3340 1037 3401; x_wconf 81' lang='lat' dir='ltr'><strong>immediatum</strong></span> 
     </span>
     <span class='ocr_line' id='line_1_36' title="bbox 112 3421 1038 3503; baseline 0.006 -25"><span class='ocrx_word' id='word_1_253' title='bbox 112 3421 169 3478; x_wconf 89' lang='lat' dir='ltr'><strong>sive</strong></span> <span class='ocrx_word' id='word_1_254' title='bbox 184 3421 337 3499; x_wconf 85' lang='lat' dir='ltr'><strong>physicum</strong></span> <span class='ocrx_word' id='word_1_255' title='bbox 360 3431 521 3482; x_wconf 89' lang='lat' dir='ltr'><strong>contactum</strong></span> <span class='ocrx_word' id='word_1_256' title='bbox 534 3442 616 3502; x_wconf 75' lang='lat' dir='ltr'><strong>aqum</strong></span> <span class='ocrx_word' id='word_1_257' title='bbox 631 3421 668 3482; x_wconf 86' lang='lat' dir='ltr'><strong>ad</strong></span> <span class='ocrx_word' id='word_1_258' title='bbox 681 3442 801 3503; x_wconf 88' lang='lat' dir='ltr'><strong>corpus:</strong></span> <span class='ocrx_word' id='word_1_259' title='bbox 823 3441 878 3481; x_wconf 90' lang='lat' dir='ltr'><strong>non</strong></span> <span class='ocrx_word' id='word_1_260' title='bbox 893 3430 1038 3483; x_wconf 78' lang='lat' dir='ltr'><strong>esttamen</strong></span> 
     </span>
     <span class='ocr_line' id='line_1_37' title="bbox 113 3503 560 3582; baseline 0.007 -23"><span class='ocrx_word' id='word_1_261' title='bbox 113 3518 236 3572; x_wconf 83' lang='lat' dir='ltr'><strong>necesse,</strong></span> <span class='ocrx_word' id='word_1_262' title='bbox 260 3513 292 3562; x_wconf 90' lang='lat' dir='ltr'><strong>ut</strong></span> <span class='ocrx_word' id='word_1_263' title='bbox 304 3503 397 3564; x_wconf 84' lang='lat' dir='ltr'><strong>sordes</strong></span> <span class='ocrx_word' id='word_1_264' title='bbox 411 3505 560 3582; x_wconf 81' lang='lat' dir='ltr'><strong>absterget</strong></span> 
     </span>
    </p>

    <p class='ocr_par' dir='ltr' id='par_1_12' title="bbox 112 3580 1039 3746">
     <span class='ocr_line' id='line_1_38' title="bbox 155 3580 1038 3665; baseline 0.001 -26"><span class='ocrx_word' id='word_1_265' title='bbox 155 3580 234 3640; x_wconf 91' lang='lat' dir='ltr'><strong>Hinc</strong></span> <span class='ocrx_word' id='word_1_266' title='bbox 247 3603 304 3642; x_wconf 87' lang='lat' dir='ltr'><strong>nou</strong></span> <span class='ocrx_word' id='word_1_267' title='bbox 320 3586 394 3645; x_wconf 86' lang='lat' dir='ltr'><strong>valet</strong></span> <span class='ocrx_word' id='word_1_268' title='bbox 406 3586 573 3665; x_wconf 84' lang='lat' dir='ltr'><strong>Baptismus,</strong></span> <span class='ocrx_word' id='word_1_269' title='bbox 582 3585 606 3642; x_wconf 91' lang='lat' dir='ltr'><strong>si</strong></span> <span class='ocrx_word' id='word_1_270' title='bbox 617 3604 691 3662; x_wconf 89' lang='lat' dir='ltr'><strong>aqua</strong></span> <span class='ocrx_word' id='word_1_271' title='bbox 700 3584 810 3643; x_wconf 79' lang='lat' dir='ltr'><strong>tautirm</strong></span> <span class='ocrx_word' id='word_1_272' title='bbox 823 3591 924 3661; x_wconf 87' lang='lat' dir='ltr'><strong>tangat</strong></span> <span class='ocrx_word' id='word_1_273' title='bbox 936 3588 1038 3643; x_wconf 79' lang='lat' dir='ltr'><strong>vestes:</strong></span> 
     </span>
     <span class='ocr_line' id='line_1_39' title="bbox 112 3664 1039 3746; baseline 0 -24"><span class='ocrx_word' id='word_1_274' title='bbox 112 3671 195 3741; x_wconf 89' lang='lat' dir='ltr'><strong>prout</strong></span> <span class='ocrx_word' id='word_1_275' title='bbox 207 3665 236 3722; x_wconf 89' lang='lat' dir='ltr'><strong>in</strong></span> <span class='ocrx_word' id='word_1_276' title='bbox 252 3665 397 3743; x_wconf 87' lang='lat' dir='ltr'><strong>Baptismo</strong></span> <span class='ocrx_word' id='word_1_277' title='bbox 409 3686 458 3746; x_wconf 82' lang='lat' dir='ltr'><strong>per</strong></span> <span class='ocrx_word' id='word_1_278' title='bbox 469 3668 654 3746; x_wconf 86' lang='lat' dir='ltr'><strong>aspersionem</strong></span> <span class='ocrx_word' id='word_1_279' title='bbox 668 3664 752 3724; x_wconf 72' lang='lat' dir='ltr'><strong>facili</strong></span> <span class='ocrx_word' id='word_1_280' title='bbox 766 3672 859 3744; x_wconf 88' lang='lat' dir='ltr'><strong>potest</strong></span> <span class='ocrx_word' id='word_1_281' title='bbox 872 3667 1039 3742; x_wconf 80' lang='lat' dir='ltr'><strong>contingere.</strong></span> 
     </span>
    </p>

    <p class='ocr_par' dir='ltr' id='par_1_13' title="bbox 153 3744 1039 3828">
     <span class='ocr_line' id='line_1_40' title="bbox 153 3744 1039 3828; baseline -0.005 -24"><span class='ocrx_word' id='word_1_282' title='bbox 153 3744 185 3805; x_wconf 87' lang='lat' dir='ltr'><strong>Si</strong></span> <span class='ocrx_word' id='word_1_283' title='bbox 194 3764 268 3827; x_wconf 87' lang='lat' dir='ltr'><strong>aqua</strong></span> <span class='ocrx_word' id='word_1_284' title='bbox 277 3745 372 3806; x_wconf 76' lang='lat' dir='ltr'><strong>solium</strong></span> <span class='ocrx_word' id='word_1_285' title='bbox 381 3751 499 3828; x_wconf 82' lang='lat' dir='ltr'><strong>attinget</strong></span> <span class='ocrx_word' id='word_1_286' title='bbox 507 3746 635 3827; x_wconf 82' lang='lat' dir='ltr'><strong>capillos,</strong></span> <span class='ocrx_word' id='word_1_287' title='bbox 646 3765 762 3825; x_wconf 85' lang='lat' dir='ltr'><strong>ungues,</strong></span> <span class='ocrx_word' id='word_1_288' title='bbox 771 3745 857 3827; x_wconf 82' lang='lat' dir='ltr'><strong>pelles</strong></span> <span class='ocrx_word' id='word_1_289' title='bbox 865 3745 1039 3818; x_wconf 78' lang='lat' dir='ltr'><strong>secundinae,</strong></span> 
     </span>
    </p>
   </div>
   <div class='ocr_carea' id='block_1_5' title="bbox 0 0 1082 3990">
    <p class='ocr_par' dir='ltr' id='par_1_14' title="bbox 0 0 1082 3990">
     <span class='ocr_line' id='line_1_41' title="bbox 0 0 1082 3990; baseline 0 0"><span class='ocrx_word' id='word_1_290' title='bbox 0 0 1082 3990; x_wconf 95' lang='lat' dir='ltr'><strong> </strong></span> 
     </span>
    </p>
   </div>
  </div>
 </body>
</html>
