2130 3990
103 182 161 239 lus
483 197 660 268 incussus

140 340 182 397 4⁰·
206 342 282 413 Quia
301 341 443 403 institutus
464 350 507 400 est
529 345 557 401 in
580 339 738 424 remedium
750 343 861 423 peccati
875 344 1029 424 originalis,

98 421 174 562 ppdoiiti
190 426 305 482 unicum
320 431 364 507 est
385 422 417 480 in
432 423 560 503 singulis,
577 437 607 484 et
626 422 714 483 semel
726 424 871 485 retnimum
883 445 1029 507 uunquam

98 663 200 724 msa
218 664 276 723 ua
298 664 492 727 saccaro
515 666 571 725 su
594 667 726 727 emsa
742 665 1026 729 aulaearum-

157 763 160 770 ·
273 766 306 771 ··
410 746 479 806 rus
501 747 712 809 aaerrssrr.
891 764 895 773 ·
964 766 969 777 ·

100 909 122 967 1.
136 908 193 968 Est
206 928 297 986 graue
311 908 519 986 strategium.
533 909 591 968 -Π,
606 909 739 969 Partitur
750 908 824 970 Jure
838 910 935 982 Ciuili,
970 910 1023 972 Ill.

138 991 180 1050 Et
199 989 408 1050 Ecclesiastico
428 990 618 1070 rebaptizans
646 990 968 1070 1V.etrelapteeatus,
988 992 1024 1052 V.

138 1073 306 1130 etiamdum
315 1071 362 1146 fit
375 1077 577 1132 conditionate
586 1077 652 1131 eine
667 1090 766 1131 causa.

138 1215 894 1358 QueuppeccatumestBaptismumvelidccalletum
908 1236 1023 1295 areum
1052 1276 1059 1353 p

95 1316 240 1374 reiterare.
1044 1322 1047 1327 ’

139 1397 164 1454 Ι.
192 1397 229 1456 R.
257 1394 309 1455 Est
320 1416 402 1473 greve
416 1404 563 1476 peccatum
575 1396 723 1477 sacrilegii,
744 1405 807 1456 tum
829 1397 858 1455 iu
885 1395 1021 1470 Ministro,
1051 1364 1059 1501 ὲ

96 1488 157 1549 tum
182 1479 209 1541 iu
231 1478 415 1555 suscipiente,
435 1475 510 1556 quod
532 1478 630 1557 utique
653 1478 786 1536 assuetis
802 1477 1019 1557 Patribus'grere
1050 1514 1056 1533 -.

95 1557 184 1616 scelus
196 1556 383 1636 'apprcllatu'u
405 1558 483 1619 cedit
505 1560 581 1617 euim
602 1559 630 1618 iu
651 1577 760 1636 gravem
780 1556 912 1637 injuriam
927 1558 1018 1619 Se'cra-
1051 1546 1059 1581 ¹

99 1642 195 1711 menti,
204 1638 272 1702 dum
285 1638 383 1698 matra
395 1659 457 1719 ejus
470 1647 675 1701 resitutionem
689 1648 811 1709 tentatur
824 1637 953 1713 adhiberi
962 1640 1018 1699 sub-
1051 1688 1059 1729 1

92 1718 173 1797 jecta
186 1718 324 1797 incapaci.
437 1722 441 1729 '
940 1722 944 1729 '
1052 1736 1057 1744 ·

138 1798 275 1863 Quanam
291 1810 335 1859 est
347 1822 430 1879 poeua
443 1803 522 1861 istius
536 1799 743 1861 reiteratiouie?

112 1880 116 1895 ’
138 1880 234 1945 ΙΙ.,Β.
252 1880 289 1938 1⁰·
307 1882 327 1940 J
331 1904 379 1942 ure
393 1882 475 1942 Ciuili
487 1892 529 1940 eet
539 1903 625 1963 poene
638 1884 746 1963 capitis,
768 1888 827 1942 tum
841 1882 970 1963 respectu
984 1902 1018 1941 ra·
1050 1892 1059 1963 Ι·

97 1960 277 2101 baptizantis,
300 1970 361 2022 tum
383 1974 510 2043 respectu
526 1963 703 2044 rebaptizati.

155 2043 193 2103 11.
218 2042 459 2103 2⁰·'Conveniuat
482 2045 633 2118 Aetherea,
654 2042 731 2124 qudd
751 2042 931 2124 rebaptizans
956 2045 1017 2103 lure

96 2123 295 2184 Ecclesiastico
312 2122 673 2204 incurratirregularitatem
688 2124 779 2206 quoad
795 2125 919 2185 Ordines
933 2125 1017 2207 Supe-

93 2209 176 2267 riores
197 2205 395 2284 suscipiendos,
411 2206 498 2288 juxte
512 2208 674 2287 Capitulum
690 2208 736 2267 Ex
752 2222 970 2281 urureueuurr,
990 2207 1019 2266 dc

96 2276 259 2364 clpastatcs,
272 2286 307 2350 Ia.
320 2288 349 2347 5.
366 2289 483 2348 Deerat.
910 2294 913 2299 ’

113 2365 206 2457 ¹Obj.
229 2366 391 2429 Alexander
406 2368 462 2429 [ΙΙ.
485 2389 545 2449 cap.
571 2372 619 2429 cil.
641 2374 750 2428 tantum
769 2369 905 2448 exprimit
917 2366 1017 2447 Acoly-

93 2446 187 2517 thum,
214 2451 260 2527 qui
275 2446 403 2509 adfuerat
416 2451 583 2529 respondens
604 2450 801 2530 rebaptizanti;
820 2451 900 2529 atqui
914 2468 970 2507 non
981 2450 1019 2507 ia·

95 2531 215 2588 curritur
228 2529 428 2608 irregularitas,
440 2532 492 2591 ulei
505 2532 534 2589 in
550 2531 658 2591 casibus
673 2531 765 2611 iujure
778 2532 933 2610 expressis:
949 2524 1019 2611 erga,

97 2610 157 2669 dre..
253 2647 256 2655 ·

111 2690 114 2697 ’
139 2692 177 2750 R.
199 2692 333 2762 Quamvis
354 2691 435 2751 nulla
454 2678 559 2755 ibidem
578 2691 882 2771 expressiadecematur
894 2696 1020 2775 peinais

94 2772 324 2852 rebaptizantem,
350 2774 489 2853 colligitur
508 2768 604 2839 tumea
628 2775 647 2831 d
668 2773 769 2834 fortiori
776 2795 783 2844 ;
806 2776 1020 2854 queacolleclio

95 2853 170 2912 valet
183 2854 219 2912 ob
233 2874 314 2915 usum
334 2861 362 2916 et
381 2852 620 2926 censuetudinem,
642 2875 704 2936 quae
725 2865 767 2914 est
786 2858 893 2933 optime
914 2856 1021 2937 legum

94 2935 238 3012 iuterpres.
290 2938 339 2994 Sic
353 2938 540 2997 communiter
550 2946 647 2997 tenent
660 2934 800 3015 Theologi
814 2945 842 2997 ct
855 2937 1020 3019 iurisperiti

109 3068 113 3074 .
138 3015 186 3074 Ob
197 3016 320 3079 eandem·
331 3019 661 3079 consuetudinemverius
675 3016 791 3086 videtur,
802 3020 892 3095 inquit
901 3019 1021 3099 Sylvius,

95 3096 169 3165 lianc
193 3096 424 3176 irregularitatem
447 3103 532 3163 ctiam
557 3101 669 3173 incurri,
690 3097 759 3159 dum
782 3098 835 3158 lucc
856 3101 962 3159 crimen
983 3110 1023 3161 est

96 3176 250 3237 occultum.
395 3182 398 3186 ’
960 3186 982 3231 ’-

110 3325 115 3331 ,
138 3262 184 3319 An
209 3268 303 3325 autem
317 3259 494 3339 rebaptizans
506 3264 556 3320 fiat
570 3262 724 3341 irregularis
737 3263 822 3321 etiam
837 3261 930 3342 quaed
945 3282 1022 3331 usum

96 3348 126 3398 et
148 3344 316 3413 exercitium
340 3341 482 3401 Ordiuum
505 3353 703 3422 susceptorum,
725 3340 896 3411 dubitatur:
952 3343 1023 3403 lur'cs

96 3420 239 3561 tltuthores
247 3429 361 3565 eggan&
377 3442 441 3491 cum
452 3424 515 3495 aliis
524 3432 619 3485 autem
630 3421 750 3485 affirmet
759 3423 926 3493 Benedictus
968 3423 1023 3486 lv.

117 3506 233 3562 astillat.
247 3504 273 3562 8⁴
288 3506 316 3564 .’
917 3510 921 3517 ’
964 3504 970 3518 ”
