2130 3990
378 192 420 236 nn
436 191 681 241 inveniemur.
954 179 991 241 61

64 352 252 414 sponsorum:
273 341 303 396 et
324 334 373 397 illo
396 357 478 399 sensu
491 344 578 417 neget
591 338 622 400 S.
644 337 849 418 Hieronymus,
865 337 898 401 S..
911 338 994 400 Jose-

65 416 159 497 phum
173 417 211 477 ed
224 418 333 494 nuptias
348 419 428 478 Divee
442 419 575 498 Virginis,
593 419 758 498 pervenisse·

107 497 241 559 Vieitetio
256 497 349 559 Beate
363 497 495 578 Virginis,
517 503 574 581 qni
585 506 644 580 pest
659 499 877 580 conceptionem
890 497 993 562 Christi

64 579 166 721 innisi}¹
188 576 336 643 asseneth
364 589 513 659 cognatum
538 600 629 653 sum,
649 579 769 644 hebetur
793 583 879 644 etiem
907 580 992 646 luet

65 678 134 740 cap.
171 704 182 718 ..
287 716 290 722 r

133 820 174 880 Ν.
187 819 237 883 31.
258 821 319 884 Du
339 819 629 886 VIRGINITATE
647 822 684 917 ΙΒ.
706 821 743 885 V.
764 821 930 888 Mem.

364 981 398 1047 S,
417 983 518 1046 chm.
533 993 628 1066 quest.
641 983 692 1045 28.

66 1144 94 1207 1,
115 1141 221 1205 Maria
232 1143 305 1222 serr't
327 1143 423 1226 Vni-go
436 1151 506 1208 onte
526 1153 652 1225 portum,
672 1155 701 1207 et
714 1151 746 1206 in
756 1155 857 1224 porro.
899 1143 939 1205 11.
954 1144 996 1205 Et

108 1229 291 1366 ectppppmpppt
308 1235 439 1306 portum.
481 1228 539 1302 111.
561 1226 656 1291 Beata
673 1226 770 1306 Virgo
783 1226 885 1288 habuit
898 1232 995 1291 ectum

109 1467 220 1542 Pnonn
232 1467 309 1547 quod
319 1467 414 1535 Maris
426 1487 537 1557 semper
548 1471 679 1533 mnneou
688 1468 785 1546 Virgo..

109 1549 134 1607 1.
147 1605 152 1618 ,
164 1549 202 1607 R.
229 1550 374 1622 Probatur,
395 1549 469 1626 quod
490 1552 574 1611 fuerit
595 1551 682 1628 Virgo
706 1553 902 1629 antepartum
922 1551 993 1609 etin

70 1637 152 1710 partu
166 1649 205 1688 ex
216 1630 363 1709 prophetin
372 1630 462 1701 inte,
474 1653 536 1712 cnp.
552 1633 580 1692 7.
594 1652 620 1690 v.
638 1630 685 1689 14.
701 1638 719 1662 ‘⁸
736 1629 813 1690 Ecce
828 1630 916 1710 Virgo
929 1650 994 1690 non·

69 1713 153 1790 [cipiet
165 1720 196 1769 et
205 1714 293 1790 periet
306 1711 410 1786 Filium
421 1711 445 1767 :''
460 1711 510 1780 nbi
524 1732 580 1773 non
594 1712 706 1782 tentrim
717 1712 896 1790 significetur,
909 1710 993 1791 quod,

70 1812 131 1871 que)
159 1799 227 1855 ente
252 1791 305 1867 fnit
326 1791 424 1872 Virgo,
445 1794 484 1852 eit
509 1802 679 1872 conceptura
707 1801 735 1853 ee
748 1794 886 1870 paritum
909 1793 994 1872 ceole

69 1874 143 1932 enim
168 1873 280 1950 signum
303 1873 347 1932 vel
370 1871 530 1954 prodigium
548 1873 627 1944 toret
647 1872 733 1950 qnod,
755 1871 882 1949 qnefuit
899 1871 991 1950 Virgo,

71 1955 228 2032 conciperet
238 1962 270 2018 vct
295 1961 413 2033 peroret,
432 1957 534 2027 amisso
560 1952 731 2032 virginitate;
753 1953 803 2012 ubi
816 1960 908 2012 temen
925 1953 994 2013 Pro-

72 2033 157 2114 pheta
183 2053 235 2112 pro
261 2054 364 2113 magno
377 2043 408 2096 et
429 2033 649 2115 extraordinario
662 2036 741 2112 signo
763 2033 895 2112 prodicit,
917 2035 993 2113 qnod

71 2116 353 2194 concipiotctpnrioi.

108 2195 193 2257 Idem
207 2195 337 2274 probetur
358 2216 397 2262 cx
411 2193 549 2276 Symbolo
576 2196 792 2278 Apostolorum:
813 2197 833 2227 “
848 2194 943 2257 Notus
957 2215 995 2257 ex

73 2277 169 2338 Meris
181 2275 324 2354 Virgine'?

106 2357 151 2416 11.
172 2355 258 2436 Quod
282 2359 368 2425 etiem
389 2360 524 2434 meuserit
543 2357 631 2439 Virgo
642 2365 708 2437 post
720 2365 841 2438 parturn,
862 2357 995 2436 probetur

70 2457 104 2496 ex
117 2439 288 2498 Traditione
303 2436 407 2510 Divina
420 2436 516 2500 contro
529 2439 676 2506 haeretiooe
685 2441 704 2500 J
708 2439 867 2500 oriniacum
880 2447 909 2498 et
923 2432 993 2500 Hel·

69 2516 195 2597 ridium;
216 2513 301 2603 idque
314 2516 460 2594 definitum
474 2530 517 2580 oet
528 2523 557 2579 io
571 2522 653 2582 variis
666 2515 816 2579 Conciliis(

107 2599 182 2679 obj.
206 2595 231 2658 I.
258 2600 365 2662 Matth.
388 2621 415 2660 c.
440 2600 513 2666 l.,v.‚
528 2604 577 2659 25.
599 2600 699 2660 dicitur
711 2599 746 2657 de
758 2598 879 2678 Joseph,
894 2607 913 2658 .“
926 2601 997 2661 Nort'

68 2677 257 2758 cognoscebat
279 2700 353 2754 eam,
373 2681 463 2740 donec
488 2682 594 2760 peperit
614 2681 719 2739 Filium
734 2700 813 2738 suurn
828 2683 993 2760 primogeni·

68 2771 129 2840 tum
141 2761 166 2818 :'’
186 2780 252 2838 ergo
278 2764 409 2844 cognouit
432 2771 492 2840 post
504 2770 625 2841 partum,
644 2771 674 2820 ct
686 2764 795 2840 peperit
810 2761 884 2820 Diva
908 2762 995 2841 Virgo

65 2842 329 2920 secundogenitum.

108 2923 152 2983 R.
167 2923 251 3001 Nego
266 2943 375 3002 conseq,
391 2924 467 2994 Quin
478 2923 615 3002 porticula
628 2922 719 2983 donec
733 2928 827 3001 neget,
840 2919 868 2980 id
886 2921 995 2983 fectum

66 3024 128 3068 mee
141 3002 218 3067 'note
244 3013 363 3082 partum,
383 3005 602 3083 uteigoificetur,
623 3005 808 3078 virginitatem
828 3001 913 3071 fuisse
927 3003 994 3077 iliae·

67 3105 128 3146 sem
142 3105 232 3165 usqum
256 3084 292 3144 nd
315 3093 433 3164 partum,
456 3085 533 3162 cujus
548 3085 713 3143 contrarium
730 3082 872 3150 videbatur
886 3087 943 3142 erui
956 3105 994 3147 ex

68 3168 131 3245 ipso
145 3174 243 3245 partu;
259 3164 294 3225 de
306 3169 432 3244 sequenti
445 3170 508 3226 veru
523 3172 649 3243 tempore
671 3164 742 3224 nihil
756 3162 917 3238 affirmatur,
938 3167 995 3225 imo

69 3248 149 3306 clare
163 3248 337 3326 supponitur,
352 3245 545 3309 multominus
560 3256 622 3325 post
634 3245 836 3324 partumfnisse
846 3247 993 3320 amissamp

68 3329 107 3386 sic
121 3327 193 3386 dum
208 3329 310 3386 dicitur
330 3326 404 3385 Gen.
427 3347 489 3405 cap.
505 3326 532 3385 8.
548 3346 571 3385 v.
587 3329 614 3384 7.
657 3329 675 3358 “
692 3326 793 3384 Corvus
806 3345 862 3382 non
877 3333 994 3386 reverte-

69 3408 158 3482 batur,
180 3408 269 3467 donec
295 3411 463 3467 siccarentur
489 3407 606 3486 nquae;'’
635 3426 691 3464 non
719 3408 895 3482 significetur,
918 3409 994 3487 quud

68 3498 164 3566 postea
187 3489 307 3558 redierit,
328 3489 376 3547 sed
403 3490 506 3567 potius,
537 3487 612 3565 quod
635 3506 779 3565 nunquam
804 3507 924 3551 reversus
950 3490 994 3548 sit.

68 3569 116 3627 Ad
146 3568 298 3628 secundem
326 3577 433 3647 partem
458 3569 652 3647 consequentis
666 3567 854 3646 respondetur,
877 3569 952 3647 quod
966 3572 994 3626 in

69 3650 216 3730 Scriptura
238 3651 327 3708 omnis
340 3650 389 3708 ilie
403 3650 510 3724 dicatur
524 3649 728 3726 primogenitus,
751 3656 815 3709 ante
836 3670 918 3728 quom
933 3649 991 3727 nui-

68 3730 112 3792 lus
134 3737 176 3791 est
188 3736 279 3805 uetus,
300 3731 439 3811 licetipse
453 3733 489 3792 sit
503 3733 672 3809 unigenitus.

266 3824 268 3829 ’
521 3828 543 3873 B
