2130 3990
404 160 445 203 nr
466 158 684 204 sucsaarsrrr.
943 145 1006 209 288

107 305 208 366 Simili
229 311 396 386 argumento
415 303 477 365 atra
499 303 564 367 fidei
586 304 716 367 renatas
730 314 828 367 contm
844 307 1002 373 Hcmticos

68 389 183 449 ostendi
198 396 320 467 possunt

112 467 279 528 calvinistae
315 467 456 548 precipue
488 466 625 546 objiciunt
649 475 747 527 contra
773 468 828 528 hoo
856 472 1000 533 ultimum:

66 550 147 629 quud
161 550 227 609 talis
236 549 305 610 fidas
313 549 593 630 potueritsuccessive
603 548 741 609 introduci
751 550 812 609 sine
824 555 1000 632 oppositione

65 630 116 690 uel
140 630 372 700 contradictione,
394 631 476 688 sicuti
497 630 526 688 in
552 628 682 687 Ecclesia
705 650 778 710 sape
798 634 1000 695 novainducta

64 720 111 771 est
127 712 286 791 disciplina,
305 730 330 770 v.
345 730 372 789 g.
388 712 464 769 circa
476 717 586 789 tempus
600 709 770 770 dissolvendi
776 711 928 791 jejunium,
943 714 999 776 dre.

111 792 151 853 R.
165 793 232 852 Alia
250 792 387 871 longeest
418 793 488 850 ratio
501 789 577 864 fidei,
593 791 650 850 aliu
662 791 833 871 disciplinse;
856 796 905 855 illa
918 800 995 857 enim

67 882 117 933 est
128 872 300 934 immobilis:
321 874 453 933 haecverd
466 881 510 931 est
522 871 665 932 mutabilis
678 892 730 953 pro
744 876 879 934 vanetate
892 885 999 958 tempo·

63 972 130 1014 rum
152 963 183 1014 et
202 953 484 1014 circumstantiarum.
526 953 640 1012 Deinde
663 952 894 1036 novadisciplina
905 969 998 1036 potest

63 1035 168 1096 induci
180 1035 285 1114 absque
297 1055 342 1102 ao,
356 1033 432 1113 qudd
445 1033 593 1093 damnetur
605 1036 740 1112 autiqua;
754 1035 804 1095 sed
818 1056 918 1098 novum
928 1038 997 1100 fidei

64 1114 183 1196 Dogma
195 1118 331 1196 importat
343 1114 494 1175 falsitatem
514 1117 658 1173 contrarm
673 1119 820 1194 opinionis.
862 1117 996 1181 Tandem

61 1200 236 1259 mutationes
260 1195 414 1275 disciplinae
428 1216 485 1254 non
501 1206 567 1255 suut
580 1199 620 1255 ita
633 1195 770 1266 obscurae,
792 1200 857 1275 quin
872 1199 907 1258 ah
922 1199 994 1261 His·

60 1279 158 1339 toricis
183 1277 289 1339 fuerim
307 1277 478 1356 designatae;
499 1297 534 1335 ac
547 1276 687 1356 pleraque
700 1297 799 1338 omnes
813 1299 869 1338 non
884 1280 990 1361 ubique

62 1368 207 1430 terrarum,
227 1359 279 1419 sed
304 1361 333 1419 in
357 1362 439 1418 certis
464 1359 533 1419 locis
553 1357 724 1418 acciderunt.
767 1358 844 1421 Vide
858 1360 993 1425 Pauwels

63 1447 133 1500 tom.
148 1440 176 1498 2.
191 1459 254 1520 cap.
271 1438 319 1499 13.
334 1443 358 1512 ξ.
372 1438 401 1496 3.
516 1442 518 1447 '

104 1521 161 1581 lIl.
193 1523 369 1600 Argumentis
391 1519 453 1598 jam
479 1519 560 1579 dictis
587 1517 705 1589 accedit,
738 1519 816 1598 qudd
842 1525 990 1585 veritatem

64 1604 218 1681 praesentia
242 1602 324 1661 realis
338 1602 418 1660 Deus
431 1602 635 1661 confirmaverit
649 1620 695 1679 per
708 1610 847 1679 apertast
859 1603 989 1684 frequen·

64 1685 102 1743 tia
115 1683 261 1756 miracula,
282 1683 365 1741 variis
377 1681 446 1741 locis
459 1692 489 1741 at
502 1681 673 1760 temporibus
686 1680 768 1741 facta.
857 1746 861 1753 ,

98 1765 174 1824 Haec
187 1763 308 1823 haretici
322 1761 436 1843 quidem
449 1763 613 1824 calumniari
633 1762 734 1830 solent,
755 1761 806 1823 sad
819 1781 875 1823 nun
888 1761 991 1842 majori

62 1862 126 1985 tt
150 1843 989 2005 hillidii?infiltttiltstiilitlit

64 2009 212 2082 gravissimi
232 2008 316 2064 etiam
344 2006 442 2064 Patres
470 2026 506 2064 ea
531 2004 660 2075 referant,
682 2014 715 2063 ut
733 2005 824 2067 videre
849 2015 892 2065 est
910 2009 988 2089 apud

64 2088 274 2161 Bellarminum,
297 2088 437 2165 wiggero,
457 2084 513 2146 &a
536 2088 593 2146 imo
607 2086 683 2162 apud
697 2088 788 2167 ipsum
807 2086 987 2167 Apostolum,

64 2169 85 2225 l.
104 2168 142 2226 ad
158 2168 225 2226 Cor.
235 2169 267 2228 5.
281 2189 307 2226 v.
322 2169 373 2240 30,
393 2166 450 2228 &a

95 2249 151 2308 IV.
171 2250 265 2309 Nimis
279 2249 393 2325 longum
405 2247 478 2308 foret
491 2250 594 2319 omnis,
608 2267 671 2327 quse
684 2267 722 2307 ex
729 2248 840 2309 Sanctis
851 2250 985 2312 Patribus

57 2339 212 2407 congerunt
235 2330 411 2398 heterodoxi,
433 2327 572 2389 refutare:
594 2329 705 2387 interim
727 2349 778 2409 pro
800 2330 986 2409 intelligentia

55 2426 160 2485 eorum,
174 2430 235 2490 quae
249 2432 287 2471 ex
303 2410 432 2470 Patribus
444 2416 627 2490 opponuntur,
638 2408 718 2487 juvat
731 2419 824 2472 notare
837 2422 984 2490 sequentes

51 2507 79 2547 re
119 2491 170 2551 las.

79 2510 210 2633 glirimu:
232 2572 302 2632 dum
324 2572 411 2652 aliqui
424 2570 524 2631 Sancti
546 2570 644 2631 Patres
665 2571 868 2633 Eucharistiam
881 2586 983 2637 vocant

49 2650 183 2732 figuram,
204 2655 362 2732 imaginem,
385 2665 495 2732 typum,
515 2656 634 2730 signum,
651 2653 703 2710 &a
719 2653 850 2734 Corporis
863 2655 979 2725 Christi,

49 2731 117 2795 haec
143 2735 293 2815 multiplici
321 2744 350 2793 et
376 2754 440 2792 vero
458 2754 543 2791 sensu
565 2733 757 2811 intelliguntur
777 2735 881 2814 absque
895 2735 981 2798 detri-

49 2825 146 2875 mento
166 2817 322 2895 praesentiae
346 2813 446 2874 realis:
469 2819 509 2871 10·
522 2814 644 2873 Ratione
665 2816 817 2893 specierum
842 2817 929 2876 Panis
952 2823 982 2878 et

49 2894 131 2968 Vini,
151 2917 216 2976 quae
231 2917 269 2957 ex
283 2897 455 2956 institutione
470 2894 573 2953 Christi
588 2903 654 2954 sunt
665 2899 787 2972 signum,
800 2896 901 2975 figura,
923 2895 977 2960 dra.

50 2976 182 3057 Corporis
207 2978 322 3051 Christi,
342 2995 399 3038 non
422 2975 552 3044 absentis,
574 2976 623 3034 sed
644 2981 795 3056 presentis.
835 2977 878 3034 2⁰·
894 2978 977 3056 Qua·

49 3063 129 3117 tenda
158 3060 265 3139 Corpus
289 3058 402 3125 Christi,
422 3058 474 3116 sub
494 3056 637 3137 speciebus
659 3058 790 3129 velatum,
812 3061 978 3138 estsiguum

49 3140 90 3197 sui
116 3141 203 3218 ipsius
226 3143 255 3199 iu
278 3142 388 3219 propria
410 3139 505 3216 specie
527 3141 681 3211 existentis,
702 3159 728 3198 v.
743 3160 771 3217 g.
786 3139 931 3219 pendentis
944 3146 974 3203 in

49 3218 152 3291 Cruce,
169 3220 212 3278 vel
236 3219 359 3280 Gloriosi
379 3223 408 3279 in
429 3218 518 3277 coelis.
537 3219 581 3276 3⁰·
608 3221 785 3279 Eucharistis
806 3221 975 3303 quaudoque

49 3300 147 3360 dicitur
160 3304 281 3380 signum,
303 3298 357 3360 &a
373 3301 504 3379 Corporis
518 3299 638 3378 Mystici
652 3301 725 3378 quod
736 3310 780 3360 est
793 3302 929 3364 Ecclesia.

86 3382 238 3441 Secunda:
267 3383 320 3441 hoc
341 3383 558 3440 Sacramentum
582 3392 638 3441 tam
661 3387 689 3440 in
712 3383 863 3462 Scriptura,
885 3386 974 3464 qudm

49 3463 120 3541 apud
137 3463 235 3522 Patres
256 3484 328 3543 saepe
347 3472 459 3523 vocatur
473 3462 571 3521 Pansa
582 3484 593 3520 .·
617 3461 656 3518 1⁰·
674 3465 793 3522 Ratione
805 3467 971 3544 specierum,

49 3562 107 3620 qua
128 3554 282 3604 remanent.
323 3545 365 3603 2⁰·
391 3544 514 3603 Ratione
532 3545 655 3602 meteriae
668 3563 807 3603 conversae
818 3549 847 3604 in
862 3546 973 3627 Corpus

49 3623 160 3693 Christi,
182 3628 256 3686 sicut
275 3625 366 3704 Virga
379 3626 471 3685 Adron
486 3626 515 3683 iu
529 3624 695 3704 Serpentem
708 3644 840 3687 conversa
855 3641 973 3691 vocatur
1000 3664 1004 3669 ·

466 3784 553 3845 2s3
