2130 3990
62 168 126 228 alo
442 181 618 229 rmccarus
634 214 638 221 .

65 331 203 409 colligitur
214 348 253 388 ex
265 349 328 410 cap.
353 327 430 389 Nou
445 346 537 390 ursan
560 332 598 391 de
624 331 856 392 maceratione
870 332 933 394 dist.
957 336 983 397 4.

65 413 149 482 Quod
172 414 258 471 etiam
280 410 491 488 intelligendum
513 431 572 470 esse
586 411 622 471 de
636 411 877 488 Mendicantihns,
897 414 985 495 probat

67 492 198 551 Pauwela
211 498 308 550 eontra
321 491 460 551 henum.
803 540 806 545 .

71 624 75 637 ‚
109 574 296 652 Excipiuntnr
312 582 416 633 tamen
430 573 583 651 Regulam
604 573 671 632 lauti
696 575 843 655 Episcopi,
863 581 892 636 et
907 574 986 654 -juxtr

67 655 174 733 aliquos
188 674 226 712 ex
238 673 292 713 usu
306 655 445 713 contrario
454 654 582 713 Abbates
595 655 624 712 iu
638 656 719 713 cortis
731 655 807 729 locro,
816 674 890 734 quos
901 654 987 717 tamen

70 736 209 810 Synodua
222 741 321 794 nostra
337 734 507 794 Diaeceoonu
519 738 563 794 tit.
575 737 606 793 3.
616 755 680 815 cop.
695 735 724 794 8.
733 737 876 796 earaludit

112 815 165 875 IV.
182 815 350 875 Excludunt
361 818 446 875 etiam
461 824 566 896 potrum
581 825 610 875 ot
623 825 741 876 matrem
755 817 839 896 prolis
852 816 988 897 baptisan-

71 897 124 966 dae,
147 897 232 955 etiam
253 898 283 955 in
305 905 433 956 extrema
458 900 639 956 necessitate:
664 896 897 977 quandoquidem
921 898 989 959 nrrlh¹

71 988 138 1039 tuuc
151 979 187 1035 sit
202 978 353 1035 necessitas
366 977 515 1037 Patriuum
527 977 690 1038 adhibendi.
716 1016 720 1023 ·
735 978 808 1038 vido
821 979 858 1038 de
873 979 989 1058 Impedi-

71 1063 168 1117 mcrrto
186 1057 383 1136 Cognatrhm'e
394 1056 577 1137 spiritualis.
610 1102 613 1107 -
901 1106 904 1111 .

114 1137 231 1199 Addunt
246 1139 361 1198 Rituale
373 1139 535 1201 Romanum
549 1146 579 1200 et
589 1139 734 1199 Pastorolc
747 1149 894 1200 nostrum:
917 1146 938 1173 ‘⁸
947 1141 989 1199 Pa

71 1222 156 1278 trinos
169 1219 268 1279 saltem
281 1222 311 1279 in
325 1229 410 1279 atate
424 1220 581 1299 pubertatis,
597 1240 631 1279 ac
645 1220 830 1281 Sacramento
844 1220 989 1281 Confirma

71 1303 156 1360 tionis
169 1301 317 1378 insignitos
329 1320 399 1369 esse,
419 1303 546 1361 maxime
560 1302 719 1360 convenit'’
831 1340 835 1345 -

114 1382 202 1455 Nota,
221 1381 294 1459 quod
312 1401 408 1441 omnes
431 1381 550 1459 prefati,
577 1385 625 1462 qui
645 1382 828 1461 prohibentur
849 1382 886 1442 ab
909 1380 989 1443 offla

75 1462 189 1533 Pataui,
211 1462 296 1520 modo
316 1464 373 1521 sint
385 1464 496 1526 rationis
509 1476 650 1543 compotes
665 1469 696 1521 et
706 1464 854 1543 baptizati,
875 1464 989 1523 verace

74 1550 139 1603 sent
161 1542 278 1610 Petrini,
298 1550 328 1603 et
349 1545 545 1620 cognationem
568 1544 741 1624 spiritualem
754 1546 989 1618 contraherentd

76 1623 113 1682 ad
135 1625 243 1701 prolem
265 1622 465 1701 baptizandam
487 1632 518 1683 et
536 1625 742 1704 suscipiendam
768 1625 989 1686 admitterentur:

76 1708 141 1783 quia
155 1705 219 1764 Lex
232 1710 275 1762 est
289 1703 449 1783 prohibens,
472 1726 526 1763 non
540 1709 651 1765 irritans
663 1716 757 1766 actum
770 1708 964 1788 susceptionis.

120 1788 163 1844 Aa
176 1783 346 1844 Sacerdotes
357 1786 503 1845 saculares
516 1790 623 1864 possint
635 1805 695 1845 esse
708 1786 842 1847 Potrici?
977 1820 981 1827 ·

118 1865 158 1924 V.
184 1867 219 1925 Β.
241 1866 376 1936 Quamvis
389 1866 554 1946 quibusdam
568 1870 598 1927 in
612 1867 680 1926 locis
694 1867 904 1947 prohibeantur,
925 1870 989 1933 utir

80 1949 206 2007 Dioecesi
220 1946 369 2006 hostiensi
379 1958 409 2007 et
418 1950 559 2026 signanter
572 1947 780 2008 Mediolanensi
793 1950 937 2007 d-Sancto
950 1948 989 2009 Ca

78 2029 138 2087 rolo
153 2029 326 2097 Borromaeo,
338 2032 357 2086 d
369 2030 490 2108 paritate
502 2028 560 2089 fere
574 2031 694 2099 rationis,
708 2029 744 2088 ob
755 2049 841 2108 quam
855 2028 989 2089 Mouaohi

78 2119 121 2167 cst
133 2110 324 2182 interdictum,
330 2109 437 2168 scilicet
450 2130 485 2168 ue
499 2111 676 2170 contrahatur
695 2110 869 2169 familiaritas
891 2113 946 2169 &a
965 2130 989 2169 er

82 2191 290 2249 conversatione
314 2209 379 2248 cum
400 2193 525 2270 personis
538 2191 648 2251 alterius
661 2190 764 2263 saarim
786 2211 843 2250 non
856 2199 902 2250 est
912 2199 989 2252 one

81 2272 144 2331 Lex
159 2271 294 2349 generalis
307 2289 356 2328 eos
368 2270 525 2350 prohibens,
533 2280 563 2329 et
570 2274 709 2348 signanter
720 2292 773 2331 non
783 2279 878 2332 exstat
886 2272 950 2331 talis
957 2292 989 2353 pn

81 2362 173 2411 nostra
188 2353 329 2410 Dioeccai:
343 2352 418 2409 unde
427 2353 490 2435 sine
499 2354 625 2431 scrupulo
633 2352 680 2410 hlo
690 2351 854 2412 Sacerdotes
861 2350 989 2412 seculare

81 2453 112 2490 se
124 2432 245 2490 offerunt
258 2440 286 2489 et
300 2431 483 2491 admittuntur
495 2433 525 2491 in
540 2433 676 2506 Petrinus,
697 2452 753 2512 quo
767 2454 832 2492 casn
846 2434 939 2493 solent
952 2433 989 2493 Pr

81 2513 158 2571 rochi
172 2515 236 2591 ipsis
251 2511 350 2570 offerre
366 2513 503 2591 Baptismi
518 2514 719 2573 Ministerium.
961 2576 968 2587 ,

123 2592 180 2652 Vl.
204 2593 365 2669 Speoislcm
386 2594 508 2670 allegant
520 2596 666 2665 rationem,
688 2615 773 2674 quare
786 2612 887 2652 munus
903 2593 989 2653 Putria

82 2680 181 2753 parum
196 2675 343 2733 conveniat
357 2675 482 2733 Parooho
495 2683 622 2755 respectu
632 2695 745 2735 suorum
757 2676 989 2755 parochianorum

84 2758 150 2835 quia
159 2760 222 2813 cum
235 2754 271 2813 a'd
286 2757 374 2832 ipsum
384 2763 489 2834 spectat
501 2776 568 2814 cura
582 2759 668 2815 totius
683 2757 839 2824 Paroohiae,
865 2776 924 2814 non
944 2775 989 2815 oet

82 2839 167 2906 venit,
190 2845 221 2894 ut
232 2837 429 2918 particularem
443 2837 588 2897 contrahat
600 2837 807 2916 obligationem,
827 2839 918 2914 inquit
935 2836 989 2896 Par

85 2917 165 2976 wele.

135 3001 181 3057 An
202 2996 367 3057 Catholicae
385 3004 475 3080 potest
493 3018 553 3059 esse
580 2999 710 3058 Petrinus
730 2999 813 3078 prolia
833 2997 987 3078 baptizaod

84 3079 160 3160 apud
178 3078 355 3138 Haereticosl

139 3161 177 3218 R.
194 3160 288 3236 Negat
301 3160 431 3219 Pauwels
443 3160 549 3233 dicans,
561 3160 637 3240 quud
650 3159 715 3220 talis
724 3180 776 3219 suo
786 3159 865 3220 facto
877 3158 989 3239 approb

86 3243 114 3300 in
137 3261 204 3299 casu
217 3250 247 3299 et
260 3242 376 3300 honoret
386 3240 456 3299 illud
470 3242 656 3300 Ministeriom
670 3242 854 3314 Haerotiaum,
867 3249 897 3300 et
909 3243 989 3300 actiui

89 3320 526 3400 Ministricoopereturiofantem
534 3322 668 3399 tenendo.¹
687 3318 989 3382 NeorenotBnaunmr

87 3403 225 3462 affirmant
238 3423 289 3482 pro
304 3423 380 3471 ausu,
392 3422 448 3481 quo
462 3402 627 3461 (letholicus
639 3401 669 3461 id
681 3403 742 3461 sine
752 3405 826 3481 gravi
835 3401 989 3463 incommod

31 3548 33 3553 ,
86 3501 212 3541 recusare
227 3505 281 3542 non
296 3493 400 3564 potest;
421 3482 528 3542 utheri
541 3491 642 3563 potest,
664 3482 713 3541 ubi
727 3482 866 3543 Catholici
879 3484 989 3563 permix

87 3562 217 3622 habitant
238 3584 304 3623 cum
316 3565 483 3636 'Haretioia
517 3582 566 3645 per
592 3584 662 3644 quos
681 3563 719 3623 ob
735 3563 815 3623 'illam
835 3567 989 3642 hagamne

88 3647 215 3704 suscitari
235 3654 331 3724 posset
347 3649 501 3726 persecutio
518 3644 758 3718 Christianorum
778 3648 819 3704 sic
832 3654 927 3704 umen
942 3647 989 3705 uti

90 3745 156 3786 casu
181 3725 308 3789 Petrinus
334 3727 500 3809 profiteatur,
521 3747 552 3787 se
575 3747 661 3787 unam
686 3746 832 3805 agnoscere
857 3726 989 3786 Ecclesia
