2130 3990
364 648 712 768 Pnonnwn.

387 954 685 968 Ἣ

116 1158 301 1224 Oanlrun
318 1157 354 1225 S.
370 1158 518 1225 Thomas
531 1164 659 1226 tertiam
673 1168 798 1246 partem
810 1168 828 1226 ὰ
840 1153 1000 1247 Mysterio

73 1263 317 1331 lucamationis
333 1265 415 1330 Filii
431 1265 510 1347 Dei,
534 1267 622 1353 quod
647 1275 714 1332 tam
729 1273 801 1332 verb
817 1276 914 1353 atque
931 1267 999 1333 Ca·

72 1370 205 1452 molire,
227 1381 292 1436 tam
306 1370 567 1456 intelligibiliter,
590 1373 744 1458 quantim
756 1373 881 1436 homini
895 1372 1000 1451 licuit,

73 1480 225 1562 exposuit
241 1476 371 1543 Doctor
380 1477 574 1564 Angelicus,
589 1487 626 1543 ut
638 1488 700 1558 ter,
714 1477 792 1542 dum
806 1478 882 1542 huic
896 1478 1000 1565 Operi

72 1583 315 1662 incumberent
331 1582 468 1652 Christo
484 1583 631 1649 Domino
642 1587 795 1651 meruerit
802 1583 995 1670 approbari:

76 1690 172 1755 Beue
183 1692 360 1776 scripsisti
373 1693 414 1757 de
426 1714 491 1771 me,
508 1691 646 1757 Tium

114 1816 170 1881 De
184 1815 369 1881 admirabili
395 1815 453 1883 illa
471 1819 591 1883 unione
604 1827 638 1882 et
657 1839 746 1883 nexu
760 1817 866 1883 Verbi
880 1817 999 1884 Dirini

71 1943 145 1986 cum
159 1930 275 1987 natura
289 1922 443 2003 humana,
465 1921 548 1987 etde
559 1923 814 2009 proprietatibus
830 1923 906 1988 inde
920 1945 998 1989 con-

71 2028 296 2112 sequentibus‚
319 2027 465 2114 disputat
479 2027 516 2092 S.
532 2027 688 2094 Doctort
699 2033 877 2115 questione
891 2032 998 2116 prima

70 2155 173 2218 usque
189 2133 230 2196 ad
240 2137 430 2220 vigesimam
445 2137 634 2219 septimam
651 2133 692 2199 ab
704 2136 765 2200 hac
775 2146 882 2200 autem
893 2156 997 2222 usque

71 2238 112 2301 ad
134 2239 416 2324 quadragesimam
439 2243 596 2326 proponit
620 2249 653 2304 et
674 2241 818 2326 explicat
846 2263 897 2322 ea,
926 2264 998 2328 quae

71 2356 219 2428 spectant
247 2344 289 2408 ad
316 2343 489 2409 adventum
525 2354 558 2409 et
585 2346 769 2430 ingressum
807 2346 935 2411 Christi
963 2351 998 2411 in

71 2450 156 2513 hunc
193 2450 357 2514 muudum.
414 2449 546 2514 Exinde
583 2471 684 2536 nsque
713 2452 755 2515 ad
784 2456 997 2537 quaestionem

72 2554 352 2640 quadragesimam
378 2565 502 2621 sextam
538 2559 745 2642 prosequitur
781 2559 893 2636 multa,
926 2581 998 2643 quae

75 2669 275 2724 concernunt
295 2682 504 2746 progressum
529 2665 602 2727 vitae
625 2664 695 2743 ejus
721 2665 756 2724 in
771 2662 834 2726 hoc
854 2662 996 2740 mund03

72 2767 111 2830 ab
126 2767 183 2829 illa
200 2777 307 2830 autem
318 2788 421 2852 usque
433 2767 474 2830 od
484 2771 720 2852 sexagesimam
732 2778 847 2831 tractat
856 2767 895 2832 de
907 2772 997 2832 exitu

70 2885 103 2935 et
117 2884 218 2936 morte
236 2873 417 2937 Salvatoris
439 2877 557 2951 nostri,
579 2883 611 2936 et
632 2875 671 2937 de
690 2874 899 2938 Exaltatione
914 2877 996 2955 ejus,

72 3001 140 3063 quae
156 2979 312 3062 deinceps
328 2978 389 3042 fuit
403 2978 584 3041 subsecuta.

113 3107 214 3172 Hunc
238 3109 384 3188 ordinem
413 3108 448 3172 S.
475 3108 612 3172 Thomae
639 3113 823 3194 sequimur:
847 3118 879 3171 et
905 3110 994 3174 hunc

70 3213 259 3278 Tractatum
275 3216 504 3302 compendiose
518 3214 691 3292 trademus,
712 3219 910 3300 inquantum
932 3219 995 3278 sci-

70 3318 144 3382 licet
176 3321 266 3383 utilis
298 3331 348 3384 est
376 3330 408 3384 et
436 3324 650 3398 necessariae,
674 3331 741 3383 turn
758 3320 798 3383 ad
826 3321 993 3385 evitandos

69 3447 204 3503 erroreS,
226 3431 281 3512 qui
297 3427 547 3512 frequentissimi
562 3425 692 3490 fuerunt
702 3427 885 3490 contrahoc
901 3426 993 3509 Mys·

67 3536 195 3611 terium,
224 3546 292 3598 tum
322 3538 417 3598 etiam
445 3534 485 3602 ad
518 3533 637 3618 Populi
663 3538 909 3598 instructionem
932 3534 993 3597 rice

65 3639 307 3706 instituendam.
512 3723 544 3797 A
