2130 3990
94 139 155 202 872
477 154 656 201 rnncrarne

92 304 208 380 piuntur
221 298 376 362 secundum
389 298 527 379 majorem
550 301 597 362 vel
608 302 747 363 minorem
762 298 972 382 dispositionem
983 322 1014 364 re·
1058 368 1059 375 χ

93 385 120 441 ci
142 384 235 444 ientie.

120 403 183 523 pAn
192 467 265 603 {stes
278 462 394 601 {effectos
408 462 582 524 Saurilicium
595 463 696 524 Missae
709 469 848 545 operatur
856 462 1017 538 immediati,

95 566 131 604 au
145 566 190 602 ma
213 545 268 604 iate

137 625 176 684 11.
193 627 229 684 R.
244 626 353 705 aliquos
367 624 501 698 mediati,
520 625 627 705 aliquos
640 623 828 684 immediata:
849 623 893 683 sio
912 622 1020 685 mediati

93 714 203 767 tantum
218 709 335 766 remittit
348 716 493 784 peccatum
517 706 645 778 mortale,
665 711 803 786 quatenus
818 707 851 765 in
868 706 962 765 anime
973 726 1022 767 eer-

94 797 137 847 taa
161 791 234 869 parit
256 788 455 868 dispositiones,
476 808 594 868 quarum
616 808 670 867 ope
691 797 828 866 peccator
840 787 1022 849 remisisse·

94 871 259 929 delictorum
274 872 405 946 consequi
419 870 529 940 valeut3
550 867 626 929 unde
639 868 719 929 Trio.
748 889 819 928 sess.
834 864 890 928 22.
914 866 1023 946 onp.2.:

93 955 115 984 ‘¹
129 949 227 1028 Hujus
239 950 403 1028 (Sacrifinii)
414 949 557 1009 oblatione
565 951 690 1029 planatus
706 951 862 1022 Dominus,
875 951 1024 1027 gratiam

93 1031 200 1090 donum
223 1033 396 1111 poenitentias
419 1031 587 1105 consedens,
607 1033 724 1091 erimine
747 1039 776 1092 et
787 1038 925 1111 peccam,
944 1030 1022 1091 stru

94 1114 222 1192 ingentia
235 1109 380 1171 dimittit.”
705 1182 708 1189 Ι

136 1192 192 1252 ΙΙΙ.
208 1191 289 1251 Idam
303 1190 453 1252 dicandum
467 1191 504 1251 de
517 1193 678 1253 remissione
690 1195 797 1273 pennati
808 1188 931 1253 venialis
944 1212 952 1263 3
966 1193 1024 1272 quin

96 1273 203 1333 nullum
228 1284 386 1351 peccatum,
417 1272 486 1333 liciat
515 1275 633 1342 veniale,
669 1276 824 1333 remittitur
850 1274 915 1333 sina
939 1272 1022 1353 aliquo
1056 1338 1059 1357 Α

93 1354 168 1413 bono
183 1363 259 1412 motu
286 1356 445 1433 peccatoris,
467 1373 550 1434 quem
574 1362 683 1414 motum
702 1356 838 1436 impetrat
851 1352 910 1415 lroe
924 1354 1021 1415 Setrifi·
1055 1362 1059 1443 j

93 1452 182 1494 crum.
426 1458 431 1466 ·

136 1514 192 1575 IV.
207 1514 343 1576 Similiter
353 1521 463 1576 tantum
477 1516 600 1579 mediati>
613 1518 641 1577 iu
650 1517 732 1594 justis
745 1521 835 1596 auget
846 1517 967 1597 gratiam
979 1516 1018 1577 lte·
1056 1558 1058 1565 ›

92 1597 237 1667 iurnalem,
261 1598 429 1676 inquantum
454 1597 552 1658 Misera
568 1597 742 1658 Sacrificium
762 1598 848 1678 justis
862 1597 1018 1676 gratiaeola

94 1681 166 1736 tinet
177 1678 311 1748 actuales,
326 1680 351 1737 ui
366 1680 482 1759 quarum
497 1681 525 1739 in
539 1682 607 1760 ipsis
620 1682 711 1758 ςῐαὶὶα
724 1681 825 1739 oresoit
835 1690 887 1740 eut
910 1698 1019 1738 creseat
1054 1734 1059 1757 ,Ι

92 1766 194 1837 potest,
216 1768 276 1817 tum
291 1762 357 1839 quie
370 1759 531 1822 immediate
542 1780 657 1822 enusare
670 1768 857 1841 augmentum
866 1762 964 1839 gratim
977 1759 1017 1819 lra·
1054 1760 1059 1771 ’

94 1838 205 1899 bitual'u
232 1842 373 1919 proprium
386 1852 429 1901 est
443 1842 628 1903 Eucharistiae
642 1842 837 1913 Sacramenta,
858 1853 888 1901 at
901 1840 964 1901 aliis
974 1842 1016 1901 Se
1055 1866 1057 1873 ’

93 1922 243 1979 oramentis
255 1923 394 1995 virorum;
416 1931 475 1982 tum
490 1924 556 2004 quia
579 1924 705 2003 parvulus
718 1922 892 2001 baptizatus,
906 1942 959 2002 pro
971 1942 1016 2003 quo
1055 1959 1059 1989 ε

93 2003 174 2081 plura
201 2001 350 2064 offerentur
364 2001 519 2076 sacrificia,
540 2013 633 2084 posset
654 2005 714 2063 fieri
728 2002 816 2081 major
831 2002 956 2062 Sanetus
967 2004 1014 2074 ille,
1055 1998 1059 2069 ¹,

94 2087 141 2162 qui
152 2083 312 2143 diuturnam
326 2088 410 2144 vitem
424 2087 452 2144 in
471 2087 554 2163 praxi
568 2087 696 2144 omniurn
709 2087 846 2144 virtutum
860 2085 1014 2165 peregimet:
1057 2090 1059 2149 ξ

93 2164 169 2244 quod
183 2173 228 2226 est
241 2176 336 2224 neutra
345 2185 521 2226 communem
537 2166 672 2225 Ecclesia
684 2186 806 2224 sensum.

134 2245 174 2305 V.
200 2247 367 2307 Immediat'e
394 2257 487 2305 autem
515 2257 644 2326 operatur
669 2249 696 2305 in
708 2246 791 2325 justis
812 2246 1014 2307 relaxationem

92 2348 184 2406 poenae
212 2326 370 2406 temporalis
393 2347 431 2386 ex
455 2331 576 2406 peccetis
602 2327 763 2386 condonatis
777 2326 892 2399 relictae,
914 2327 1014 2408 aliaque

93 2410 167 2467 bona
181 2408 334 2487 spiritualia
346 2418 376 2466 et
389 2409 545 2488 corporalia
566 2408 728 2467 immediate
749 2412 858 2487 operari
872 2415 975 2487 potest3
993 2409 1013 2466 si

92 2492 168 2548 anim
193 2509 239 2568 per
263 2490 338 2548 boun
359 2509 452 2569 opera,
470 2489 623 2568 jejunium,
650 2492 799 2555 marianae,
819 2489 1013 2567 eleemosynas,

92 2569 146 2629 &a
162 2573 224 2629 haec
238 2571 312 2629 bona
325 2571 488 2629 immediata
502 2571 687 2640 obtineantur,
699 2581 728 2629 et
742 2590 834 2651 poenae
845 2582 1014 2648 peccatorum

91 2656 275 2724 remittantur,
295 2651 324 2711 id
338 2672 391 2710 non
406 2660 448 2709 est
461 2650 656 2729 denegandum
670 2653 813 2711 Sacrificio
827 2653 936 2724 Missa,
948 2650 1015 2730 quod

92 2737 230 2793 esttotius
257 2734 411 2811 Religionis
435 2752 506 2812 opus
533 2735 805 2812 praestautissimuru3
829 2732 932 2791 deinde
951 2731 1015 2790 salet
1057 2754 1059 2767 ¹

93 2815 147 2873 hoe
172 2814 348 2874 Sacrificium
373 2823 431 2872 tam
450 2815 516 2874 vivis
544 2815 630 2893 quim
645 2813 785 2872 defunctis
799 2834 848 2892 pro
862 2815 1015 2873 remissione

92 2915 237 2974 paruarum
247 2896 335 2974 juxta
347 2874 564 2963 Tridentium
589 2894 737 2953 Delunotis
751 2906 845 2952 autom
860 2895 954 2954 valere
966 2914 1013 2952 non

92 2986 182 3056 potest
207 2976 384 3056 impetrando
411 2978 478 3055 ipsis
502 2984 596 3034 aarum
621 2976 853 3043 satisfactorium
876 2977 1014 3054 quianon

89 3072 157 3117 suut
169 3059 244 3116 illius
258 3077 391 3137 capaces:
413 3076 477 3134 ergo
491 3056 565 3114 valet
577 3056 753 3127 immediate3
775 3059 799 3116 si
812 3066 907 3115 autem
923 3058 962 3115 ita
973 3054 1014 3114 ‹le-

29 3141 37 3154 '
89 3137 191 3197 fu'notis
205 3142 300 3217 prosit,
321 3137 387 3217 quid
402 3140 428 3195 in
443 3137 619 3197 viventibus?

131 3223 177 3279 An
192 3221 366 3279 Sacrificium
376 3221 460 3277 etiam
475 3221 530 3277 vim
544 3218 631 3277 habet
640 3237 677 3276 ex
689 3238 771 3297 opere
785 3219 948 3295 operantis?

134 3301 172 3358 ss.
202 3299 394 3371 Affirmativia;
418 3302 484 3378 quia
506 3300 582 3357 valet
595 3320 643 3379 per
657 3301 772 3358 modum
786 3299 925 3367 orationis,
948 3317 1012 3379 que,

91 3385 147 3461 quo
161 3385 248 3461 magis
262 3401 379 3441 accensa
391 3391 439 3448 ast,
462 3383 496 3438 eo
511 3381 647 3458 majorem
660 3381 786 3460 producit
799 3379 933 3438 fructum.

133 3461 322 3524 Habetetiam
338 3462 475 3522 Saorifieii
496 3461 600 3523 oblatio
613 3462 783 3543 impetrandi
795 3462 861 3528 vim,
883 3460 1012 3541 quateris
