2130 3990
97 133 161 193 350
494 149 669 195 ωοτηυι

98 298 198 353 mla
211 300 337 371 ternpore
359 297 460 371 pestis,
488 316 551 375 cup.
564 293 614 358 38.
628 304 657 356 et
671 296 866 374 sequentibus,
894 306 926 355 et
939 297 1024 372 Collct

97 386 176 435 tomo
189 380 219 434 4.
232 374 282 434 fel.
296 374 366 434 444.
393 380 506 436 iuterim
527 375 723 437 determinatio
736 380 820 437 istius
835 377 914 437 modi
928 388 1024 457 spectet
1052 410 1058 423 ·

98 456 135 517 ed
151 456 332 535 Episcopum.

138 536 279 597 Ceterum
300 537 391 595 tenen
405 536 614 598 Perochessuis
627 539 814 599 Perochieuis
835 539 1021 620 posteinieet's
1060 613 1061 620 ἵ

96 618 292 678 administrare
305 618 460 692 Vintimm,
480 630 578 679 contre
591 620 700 701 sliquos
719 629 832 680 eertum
847 620 959 681 videtur
969 642 1020 684 eun
1054 652 1057 661 ·

98 701 219 780 sylvio·
230 700 411 759 Murchnntie
425 710 458 758 et
470 703 585 761 Suurez.

137 780 217 850 Quid
231 783 255 840 si
269 780 423 861 perieulum
437 785 481 851 sit,
497 804 534 841 ne
546 783 674 843 infirmus
700 803 757 863 pru
771 784 831 842 oris
844 782 978 844 ariditate
988 786 1020 847 td

98 862 221 920 mucium
229 861 427 943 impedimento
442 861 575 923 Hostiam
586 864 721 944 deglutire
735 863 843 944 possit?

138 941 224 1004 Vlll.
242 944 280 1004 R.
296 943 404 1004 Modus
413 945 449 1005 ub
462 946 600 1027 aliquibus
610 956 677 1005 tunc
691 949 861 1024 assignetur,
882 954 917 1004 ut
931 944 1019 1007 Hostis

98 1023 260 1105 vetulique
280 1027 420 1106 particule
444 1030 603 1107 imponetur
628 1028 741 1086 vasculo
767 1026 880 1106 repleto
894 1027 1019 1105 sliquoli
1057 1036 1061 1046 '

97 1125 193 1185 quere,
206 1108 277 1186 puris
288 1109 366 1188 equi
378 1108 418 1167 vel
432 1112 505 1181 rino,
524 1116 558 1167 ut
572 1109 695 1168 infirmus
717 1108 797 1167 illem
822 1109 910 1168 simul
923 1109 1019 1169 cuml-

96 1207 186 1268 quore
209 1190 329 1248 hauriat.
372 1189 405 1248 ld
428 1198 524 1248 temen
550 1200 638 1249 totum
659 1189 815 1248 honorifice
828 1198 861 1248 et
875 1186 1020 1252 reverenter
1056 1200 1058 1209 '

96 1271 159 1342 flet,
185 1272 315 1329 nimirum
327 1269 463 1330 Sacerdos
477 1291 561 1329 manu
583 1271 687 1330 dextri
700 1273 842 1348 occipiens
857 1291 885 1329 v.
901 1290 932 1349 g.
947 1273 1018 1331 coct-

94 1353 154 1412 leur
166 1350 202 1409 ed
218 1351 403 1411 medietatem·
409 1351 514 1411 circiter
522 1351 667 1430 impletum
677 1353 739 1411 vino
748 1353 792 1411 rel
804 1353 896 1432 equd,
911 1359 1019 1432 etsupre

94 1431 165 1492 illud
179 1452 265 1491 manu
278 1435 390 1493 sinistrt
412 1442 511 1492 tenens
533 1432 677 1505 Hostiam,
696 1431 774 1492 illem
790 1433 927 1493 admovet
938 1437 975 1492 cri
985 1436 1019 1495 in·

94 1514 177 1585 firmi,
202 1525 233 1573 et
257 1524 315 1573 tum
341 1517 370 1574 in
395 1513 536 1575 cochleari
558 1513 702 1574 dimissum
729 1515 772 1573 ori
786 1517 913 1595 imponit
925 1535 974 1575 seu
984 1518 1018 1575 in·

94 1595 196 1656 tundit

135 1676 217 1737 Alter
229 1674 327 1735 modus
355 1677 559 1735 convenientior
582 1683 632 1745 est,
655 1674 728 1752 qudd
743 1675 851 1735 Hostis
865 1678 974 1757 integre
985 1678 1019 1738 ul

93 1777 159 1836 pers
173 1758 268 1838 alique
281 1761 357 1836 prius
370 1756 457 1825 detur,
473 1764 501 1815 et
512 1756 614 1816 deinde
626 1756 727 1837 aliquis
740 1757 840 1835 liquor,
864 1778 893 1817 v.
915 1776 943 1836 g.
956 1778 1021 1837 nque

93 1838 137 1898 sel
149 1842 261 1912 rinum3
282 1858 339 1918 quo
351 1839 545 1917 introsumptio
559 1836 667 1898 Hostius
680 1837 838 1898 fecilitetur.
873 1837 931 1898 Vel
943 1841 1022 1899 esau

93 1922 122 1979 iu
134 1941 200 1980 essu
214 1922 309 1981 nimiae
325 1919 464 1978 ariditatis
478 1929 571 1998 posset
583 1921 684 1999 praevie
699 1919 761 1979 deri
773 1923 872 1979 vinum
887 1919 933 1979 vel
946 1940 1021 2000 equs,

94 2003 173 2060 etsie
188 2021 220 2060 cs
234 2001 373 2061 madefiat.

134 2084 268 2142 Similiter
280 2081 439 2142 faciendum
448 2100 498 2157 pro
512 2081 713 2142 acceleratione
725 2082 980 2160 introsumptionis‚
994 2092 1020 2141 et

93 2168 199 2223 tutione
213 2165 361 2224 ablutionis
375 2166 405 2221 in
417 2163 533 2221 infirmis
544 2162 751 2243 phlegmatieis:
774 2163 891 2243 quibus,
905 2172 938 2220 ut
950 2170 1020 2224 note

94 2245 234 2319 Peuwels,
254 2246 322 2305 dum
345 2263 393 2322 per
406 2241 520 2322 aliquod
541 2246 684 2304 modicum
697 2253 809 2323 tempus
822 2243 1018 2317 abstinuemnt,
1059 2284 1061 2291 ,

94 2326 299 2387 consultiusest
308 2337 389 2405 sputu
399 2325 586 2404 phlegmatica
596 2325 865 2405 permitteresquim
875 2327 915 2382 im
971 2328 1004 2383 ire

94 2411 159 2489 quia
182 2408 232 2467 ille
245 2430 300 2469 non
314 2410 429 2466 veniunt
440 2426 477 2463 ex
491 2410 655 2466 stomacho:
677 2416 706 2465 et
719 2416 855 2486 praetsreu
877 2408 904 2464 d'
973 2405 1018 2465 lter

94 2494 113 2548 i
131 2490 231 2550 talibus
249 2493 423 2559 'retinentum
445 2495 518 2545 esset
541 2493 617 2548 enim
642 2487 808 2566 perieulum,
828 2505 865 2544 ne
879 2486 1015 2546 retinendo
1054 2482 1058 2495 “

92 2573 228 2650 recipiant
240 2571 289 2631 ille
301 2573 329 2629 in
349 2568 538 2636 stomachum.
552 2579 582 2629 et
593 2571 634 2629 sic
645 2568 730 2628 focile
753 2569 791 2627 ad
804 2570 939 2627 vomitum
950 2570 1014 2626 exci-
1055 2637 1061 2657 L

91 2663 225 2716 tutentur.

134 2735 202 2793 Non
216 2740 364 2792 esttamen
379 2732 407 2790 in
420 2751 486 2790 cesu
510 2750 594 2810 supra
607 2733 697 2811 posito
709 2729 880 2790 communie
894 2731 1015 2789 adminis-

94 2815 199 2886 trando,
212 2817 237 2874 si
250 2812 280 2873 id
292 2813 352 2872 ficri
365 2834 419 2872 non
435 2820 528 2892 posset
548 2814 599 2870 nisi
613 2811 698 2870 mede
711 2812 864 2877 indecenti,
879 2832 904 2870 r.
919 2831 948 2890 g.
961 2815 1014 2870 mis·
1051 2832 1053 2837 ·

93 2896 183 2955 sendo
195 2916 260 2954 eum
274 2897 338 2952 vino
352 2893 462 2963 adusto,
477 2897 537 2953 sine
550 2912 606 2971 que
616 2892 688 2953 forte
701 2894 742 2952 nil
755 2912 865 2952 sumere
879 2902 975 2972 posset
984 2912 1013 2951 ex
1058 2948 1061 2973 ÷

94 2975 144 3034 teli
161 2986 226 3053 potu
241 2975 410 3035 eschetieus.
1059 2976 1061 2983 '

134 3058 189 3115 [Χ.
217 3057 383 3116 Generetim
410 3061 507 3113 monet
534 3055 675 3115 Posterele
703 3054 812 3115 Mechl.
843 3057 863 3089 “
876 3054 1015 3132 diligenter

94 3139 246 3198 serendum
259 3148 312 3205 ost,
332 3157 368 3196 ne
382 3138 416 3196 iis
428 3137 573 3207 tribuetur,
597 3138 617 3193 i
629 3136 729 3215 quibus
743 3138 780 3196 eb
794 3136 967 3217 phrenesim,
980 3157 1016 3195 es·

92 3221 204 3281 siduem
218 3222 327 3288 tussim,
338 3218 459 3277 aliumne
471 3218 592 3277 similem
605 3219 741 3288 morbum,
756 3219 852 3298 alique
864 3217 1017 3278 inducentis
1058 3267 1061 3299 ,

93 3323 159 3363 eum
173 3303 275 3381 injurie
288 3303 359 3360 tenti
374 3301 550 3358 Sacramenti
563 3301 655 3359 timeri
668 3298 780 3376 possit”

133 3382 455 3445 ludecentienutcmille
467 3381 606 3462 precipue
619 3383 742 3452 timetur,
761 3379 831 3439 dum
842 3381 940 3440 subest
952 3383 1017 3461 peri·

94 3467 198 3531 selem,
228 3484 279 3523 ren
301 3463 393 3543 justus
418 3472 448 3521 et
474 3462 597 3541 prudens
618 3470 708 3523 metus
734 3461 854 3523 remittis
868 3464 910 3524 vel
924 3464 1018 3542 expui·
