2130 3990
382 198 603 266 aeserunium
927 194 983 265 ibt

55 344 59 351 Ι
97 366 154 429 lv.
179 348 235 426 3οἷ
249 368 310 441 Qui
325 388 354 427 sa
367 354 532 449 rebaptizari
546 366 672 427 lacitaut
685 340 795 447 patitur,
817 336 933 425 incurrit
952 367 987 424 ir-

58 448 266 530 regularitatem
277 448 404 524 totalem,
411 451 499 530 juxta
509 470 571 529 cap.
588 448 653 519 Qur
668 446 989 515 transimennum

68 636 71 641 ·
97 552 161 672 llio
176 608 378 672 consideranda
390 620 463 683 aunt,
486 606 550 694 qu'ae
564 610 633 670 alibi
646 606 792 669 traduntur
805 608 840 669 da
852 610 985 689 irregbla·

57 694 188 754 ritataex
202 691 314 752 delicto.
349 764 353 769 ³
466 692 470 699 ’
920 694 924 705 ’
966 690 970 697 ’

97 776 147 834 An
160 792 248 855 poena
257 774 462 853 irregularitatis
476 775 630 842 incurritur,
652 772 675 830 si
696 768 859 851 Baptismus
873 775 986 833 iteretur

57 856 106 913 snb
119 854 289 926 conditione,
311 854 378 914 dum
392 856 499 915 nullum
514 865 556 914 est
570 854 687 913 dubium
702 851 738 910 de
752 853 814 931 ejus
826 853 939 913 valore?

96 934 136 994 V.
153 936 192 995 R.
207 935 386 995 Conveniunt
398 955 504 1009 omnes,
514 934 587 1016 quod
598 934 716 1014 graviter
724 936 752 991 in
765 954 829 992 essu
840 934 984 1013 peccetur}

56 1015 105 1075 sed
120 1018 213 1090 multi,
236 1023 268 1075 ut
280 1016 395 1085 Sueten,
408 1017 542 1097 Sylvius,
556 1015 686 1095 Wiggers
700 1024 730 1072 et
745 1014 863 1075 Billunrt
876 1016 984 1095 putant,

56 1116 113 1155 non
127 1098 235 1156 incurri
248 1099 475 1176 irregularitatem
488 1122 495 1171 ;
517 1098 619 1156 reetids
632 1107 726 1155 tamen
746 1092 890 1155 affirmant
901 1094 996 1177 siey-¹

57 1186 171 1247 aertet
186 1176 336 1245 ‚Daelman
360 1199 425 1237 cum
449 1178 629 1239 catechismo
653 1176 774 1238 Roman.
796 1186 874 1255 parte
897 1176 926 1236 2.
951 1180 987 1236 de

57 1258 212 1339 Raptis-nro
221 1256 361 1319 Numer.
371 1266 399 1317 et
407 1258 564 1318 Benedicto
573 1258 657 1317 XlV.
668 1257 858 1316 Institutione
872 1261 987 1337 Itonia

59 1338 154 1419 Leges
165 1341 324 1419 generatim
348 1339 400 1399 sub
421 1340 621 1417 irregularitate
642 1337 793 1419 prohibent
810 1342 986 1398 iterationem

57 1418 206 1501 Beptismi,
228 1440 281 1479 nae
294 1422 442 1503 excipiunt
455 1440 551 1479 cesum
566 1422 618 1479 nisi
632 1416 746 1481 invalidi
759 1417 803 1477 vel
817 1418 895 1479 dubii
911 1420 983 1499 Bap-

55 1502 130 1561 tismi
143 1508 229 1560 antee
242 1500 347 1563 collati.
967 1516 971 1523 ·

55 1662 96 1722 N.
106 1660 159 1723 34.
169 1664 229 1724 Du
244 1661 625 1723 REBAPTIZATIONE
640 1661 725 1721 CON
733 1660 982 1723 DITIONATA.

54 1822 78 1882 l.
100 1823 201 1885 Dubio
214 1825 378 1905 baptizatus
402 1826 444 1887 11.
465 1825 546 1887 debet
559 1826 611 1884 sub
625 1823 789 1883 corrutione
801 1822 984 1905 rebaptizare·

93 1902 153 1964 111.
168 1909 302 1967 ecten'r'ru
315 1906 516 1985 eminendo,
538 1906 592 1965 lV.
608 1912 637 1965 et
649 1904 824 1985 quandoque
837 1906 981 1966 conditio-

69 2016 72 2021 ·
94 1994 166 2047 uate
179 1986 301 2062 absolvi,
331 1988 370 2048 V.
392 1992 455 2048 niet
466 1993 509 2048 sit
521 1988 637 2046 dubium
653 1985 849 2067 irrfundatum,
871 1984 928 2046 VI.
949 1978 982 2046 u't

90 2069 121 2127 si
133 2068 211 2128 inter
228 2070 415 2141 Christianos
427 2080 516 2130 natus
529 2078 558 2128 et
572 2069 714 2128 educatus
726 2070 776 2126 sit.

92 2229 119 2290 l.
146 2230 249 2290 Drcrn
274 2230 364 2291 Num.
386 2229 555 2313 precedenti
577 2227 763 2308 intelligenda
775 2236 841 2287 sunt
854 2227 889 2287 de
901 2248 980 2296 casu.

52 2316 108 2389 quo
129 2312 244 2371 moralis
256 2312 377 2372 babetur
390 2311 526 2371 certitudo
539 2311 575 2370 de
589 2310 680 2371 valore
696 2311 831 2388 Baptismi
842 2319 909 2368 aute
924 2306 982 2370 col·

51 2390 117 2451 lati:
139 2393 252 2452 sienim
267 2393 412 2454 fundabum
427 2392 543 2453 dubium
558 2392 676 2471 desuper
688 2390 770 2464 foret,
794 2390 909 2450 deberet
919 2393 981 2451 talis

51 2471 227 2553 rebaptizari,
241 2474 293 2533 sub
307 2475 466 2534 conditione
479 2472 616 2533 dicendo:
637 2471 672 2531 Εἰ
681 2491 738 2530 non
759 2490 790 2530 ee
804 2472 980 2551 depreeatur,

52 2572 109 2631 ego
123 2560 153 2614 te
166 2554 295 2635 baptiza.
339 2557 379 2615 ut
401 2558 441 2614 ita
463 2556 562 2613 statuit
586 2552 750 2613 Alexander
771 2552 826 2611 ΙΙΙ.
852 2552 937 2614 Libro
950 2554 981 2612 3.

54 2634 167 2695 liceret.
182 2638 224 2695 tit.
239 2634 289 2697 42.
304 2657 367 2717 cap.
381 2634 411 2695 2.
426 2634 539 2715 perinde
550 2644 645 2693 autem
660 2641 710 2703 est,
732 2636 789 2692 sive
803 2633 920 2693 dubium
935 2638 979 2701 sit,

53 2734 85 2775 ae
93 2714 249 2794 aliquando
257 2717 344 2776 luerit
354 2717 520 2797 baptizatus,
531 2718 588 2774 sire
598 2714 716 2774 dubium
723 2716 767 2784 sit,
775 2734 810 2773 au
823 2716 980 2796 Baptismus

51 2804 117 2855 ante
133 2797 254 2856 collatus
264 2797 352 2857 ‘fuerit
364 2797 481 2857 validus.

89 2875 131 2936 ΙΙ.
147 2878 300 2939 Conclusio
314 2887 392 2959 patet
405 2899 442 2938 ax
456 2898 567 2937 summa
576 2875 660 2955 hujus
673 2875 849 2934 Sacramenti
860 2880 979 2936 necessi·

50 2966 118 3032 nte,
140 2978 204 3038 quae
229 2960 390 3019 conditione
408 2960 544 3041 appositi,
565 2957 698 3034 abstergit
710 2959 912 3017 irreverentiam
927 2957 979 3017 Sa-

52 3043 198 3114 cramenti,
218 3042 241 3098 si
255 3040 326 3101 forte
342 3048 423 3099 antea
436 3043 519 3099 lberit
531 3038 662 3099 validum.

50 3130 53 3135 '
89 3118 137 3177 An
152 3121 270 3199 praefatn
281 3121 401 3180 conditio
414 3121 538 3181 exterius
552 3129 595 3179 est
608 3116 817 3197 exprimendal

90 3202 129 3260 R.
146 3205 185 3258 1⁰-
202 3202 332 3261 Enndem
350 3201 481 3262 effaetum
497 3200 607 3270 habere,
628 3203 685 3257 sive
699 3200 824 3258 exterius
837 3201 977 3279 exprIma·

50 3292 104 3350 tur,
126 3282 184 3341 sive
197 3286 224 3343 in
239 3294 334 3342 mente
344 3287 502 3342 retineatur.

87 3364 130 3422 2·-
158 3364 290 3444 Exprimi
303 3364 395 3434 debet,
416 3366 438 3422 si
452 3364 481 3423 id
494 3362 620 3422 videatur
632 3362 829 3433 necessarium,
853 3367 885 3421 ut
898 3360 979 3421 tolla·

51 3454 93 3505 tur
113 3447 204 3505 omnis
225 3449 337 3504 occasio
357 3444 491 3504 scandali.

90 3525 146 3586 III.
171 3526 213 3584 3⁰·
237 3526 324 3588 Unde
343 3528 496 3604 generatim
510 3525 610 3584 melitis
623 3533 653 3582 et
666 3525 870 3583 convenientiis
883 3524 978 3606 aspri·¹
1029 3588 1031 3593 ,

53 3611 137 3667 mitur
149 3608 283 3682 exterids,
298 3617 329 3667 ut
342 3610 381 3668 ita
394 3614 488 3686 pateat
500 3606 675 3664 Sacramenti
692 3604 826 3684 Baptismi
838 3604 982 3665 initerabi-·
1014 3632 1017 3637 ·

52 3687 123 3758 litas,
145 3698 174 3750 et
187 3709 279 3771 ,omne
299 3689 460 3750 offensionis
475 3686 636 3767 pusillorum
652 3687 816 3766 periculum,
837 3682 983 3764 omnisque
