2130 3990
61 190 121 251 266
441 205 615 250 raacsrrus

63 353 189 430 possunt.
210 351 276 430 quia
298 349 372 410 forte
395 361 461 415 sunt
484 350 730 420 conscenserat
758 349 904 411 sumenda
927 363 984 412 mut

62 451 127 491 cum
139 431 285 512 speciebus
296 432 351 491 riui
367 432 409 491 vel
423 435 514 511 prima
525 432 675 492 ablutione.

64 615 103 674 N.
122 614 168 672 12.
179 612 237 674 ΑΝ
248 614 308 675 UN
313 614 339 673 A
349 612 552 754 181ΑεῖξὶΙέΙῇ
553 614 644 754 {iffi
647 612 835 675 SECRARI
848 614 984 676 Possm

66 878 88 935 l.
107 875 224 943 Volr'de,
241 874 281 933 ll.
296 877 350 933 sed
362 873 477 934 illicite.
506 875 565 936 111.
586 874 652 936 Una
665 880 790 937 moierr'o
802 890 984 941 consecratur·

103 960 169 1015 sine
183 956 255 1015 clio.
296 954 352 1014 lv.
366 957 441 1014 Jure
456 955 573 1016 Dr'm'rro.

105 1142 128 1200 l:
156 1140 249 1200 Rasa.
275 1138 415 1217 Imprimis
441 1157 499 1196 una
523 1139 630 1218 species
653 1159 702 1199 seu
726 1144 921 1202 materiarius
934 1144 978 1205 olir

63 1221 155 1281 valide
180 1228 363 1291 consecratur,
383 1226 415 1275 ut
437 1225 513 1298 patet
536 1239 575 1277 ox
594 1218 711 1278 veritate
724 1220 824 1281 formae
840 1222 976 1284 Consecrr.

63 1304 154 1376 tionis,
175 1304 294 1381 etpraxi
307 1299 441 1359 Ecclesia
455 1299 603 1378 prebeatis
618 1301 889 1365 Eucharistiamsub
898 1309 976 1386 specie

64 1384 143 1466 panis
157 1380 327 1442 adorandam
341 1386 407 1439 aute
421 1382 657 1439 consecrationem
667 1381 773 1443 calicis.

103 1463 144 1527 ΙΙ.
159 1463 292 1524 illicitum
305 1469 403 1521 autem
425 1466 567 1520 estunam
580 1462 730 1521 materiam
743 1467 805 1523 sine
819 1466 877 1527 alia
891 1486 975 1527 coma

64 1565 140 1605 crare
152 1565 207 1606 non
222 1549 331 1603 tantum
345 1543 365 1601 J
369 1563 418 1601 ure
433 1542 640 1616 Ecclesiastico,
659 1543 711 1602 sed
721 1547 808 1605 etiam
823 1547 935 1609 Divino.

105 1625 161 1685 111.
190 1624 344 1685 Probatur:
366 1623 432 1703 quia
457 1623 566 1683 Concil.
593 1621 675 1685 Trid.
703 1645 769 1688 sess.
799 1627 854 1690 22,
870 1649 930 1708 cap.
955 1629 975 1689 l.

63 1717 212 1788 postquam
227 1704 307 1775 dixit,
330 1704 474 1764 Christum
493 1704 573 1763 Patri
600 1703 730 1765 obtulisse
755 1705 864 1787 Corpus
876 1719 906 1769 et
917 1709 976 1771 San.

63 1791 178 1866 guinem
201 1807 288 1863 suum,
301 1786 351 1846 sub
375 1785 519 1864 speciebus
533 1784 619 1845 Panis
644 1794 674 1845 et
686 1786 765 1855 Vini,
786 1788 897 1849 subdit:
913 1790 976 1851 “Ac

63 1869 116 1928 sub
130 1868 293 1928 earumdem
313 1886 406 1926 rerum
420 1866 571 1947 Symbolis,
592 1864 774 1946 Apostolis...
798 1875 977 1949 eorumquoir

64 1949 231 2009 Sacerdotis
255 1945 469 2020 successoribus,
490 1954 520 2007 ut
547 1944 678 2005 offerrent
701 1952 834 2029 praecepit
852 1970 902 2029 per
927 1951 978 2013 bae

64 2032 149 2090 rerba
157 2055 165 2103 ;
190 2030 259 2090 Hoc
261 2027 367 2108 facite
380 2030 410 2087 in
425 2048 517 2086 ineam
532 2034 846 2092 commemorationem:
869 2034 907 2093 uti
919 2053 977 2093 sem·

65 2132 114 2191 per
127 2112 272 2172 Catholica
287 2110 415 2173 Ecclesia
428 2109 568 2168 intellexit
580 2118 608 2166 et
621 2108 743 2169 docuit.”

106 2193 306 2252 Confirmatur:
339 2194 405 2268 quia
432 2192 663 2270 quotiescumque
697 2190 750 2249 hoo
776 2192 979 2255 Sacramentum

65 2273 217 2345 conficitur,
238 2274 322 2332 simul
336 2271 448 2330 offertur
462 2271 527 2328 Deo
541 2272 711 2330 Sacrificium
724 2295 730 2341 ;
746 2272 782 2331 ad
798 2275 844 2352 huj
850 2295 881 2333 us
895 2284 978 2335 auteur

65 2357 213 2413 essentiam
237 2355 381 2432 requiritur
394 2353 565 2413 consecratio
580 2354 721 2432 utriusque
739 2357 852 2433 speciei,
874 2366 907 2415 ut
919 2355 980 2417 inlu

67 2434 152 2493 latios
171 2434 339 2496 ostendetur.

106 2513 163 2574 IV.
180 2516 291 2574 Deinde
302 2516 357 2574 hoc
372 2513 583 2573 Sacramentum
593 2515 799 2578 estiustitutum
814 2537 863 2595 per
876 2518 981 2577 modum

66 2597 183 2655 convivii
203 2596 362 2676 spiritualis,
384 2594 460 2674 quod
484 2594 534 2652 sub
549 2603 668 2674 utreque
692 2599 785 2675 specie
800 2597 947 2676 perfectius
957 2609 982 2657 et

65 2677 220 2757 expressius
233 2676 411 2759 significatur.
433 2674 519 2736 Unde
532 2675 655 2742 infertur,
670 2677 822 2755 nequidem
840 2681 981 2739 Summum

68 2758 234 2817 Pontificem
256 2779 336 2839 posse
364 2755 531 2836 dispensare,
552 2765 582 2816 ut
608 2756 747 2817 Sacerdos
761 2761 789 2817 in
814 2760 910 2841 aliquo
923 2780 980 2819 case

66 2846 206 2898 consecret
219 2841 330 2899 unicam
342 2839 474 2914 speciem.

108 2919 177 2998 obj.
200 2920 327 2980 Christus
351 2922 379 2978 in
400 2917 523 2977 Castello
546 2917 686 2983 Emmaiis
699 2924 869 2982 consecrarit
890 2941 982 3003 panea

69 3004 132 3059 sine
145 3004 219 3075 vino,
242 3002 324 3061 Lueae
338 3020 399 3078 cap.
414 2998 464 3059 24.
479 3018 543 3079 ergo
555 2996 608 3059 dcc.

108 3082 145 3140 R.
174 3079 313 3162 Imprimis
340 3089 444 3140 certum
467 3080 528 3140 non'
544 3089 595 3148 est,
618 3079 760 3142 Christum
774 3083 883 3145 ibidem
895 3103 979 3145 conse-

65 3184 166 3222 crasse.

106 3245 149 3306 2⁰·
175 3242 311 3303 Similiter
333 3243 469 3301 incertum
484 3251 536 3310 est,
557 3262 593 3300 an
615 3245 697 3304 simul
710 3244 803 3304 vinum
825 3265 881 3306 nou
895 3265 979 3307 cooae-

67 3328 188 3394 craverit,
210 3323 280 3383 licet
297 3325 471 3401 Evangelisla
482 3323 513 3382 id
526 3344 583 3382 non
598 3327 745 3403 exprimat.

105 3402 154 3462 30·Ι
164 3407 261 3481 Potuit
284 3406 373 3464 solum
387 3424 488 3485 panem
510 3424 683 3468 consecrasse
696 3427 733 3467 ex
747 3414 887 3488 potestate
900 3408 979 3469 excel·

65 3486 169 3562 lontiae,
189 3506 273 3571 quem
287 3486 392 3548 nemini
406 3487 629 3548 communicavit.
