2130 3990
162 198 216 244 ψι
227 194 486 243 namuurum
501 192 642 239 canaan.
824 178 885 243 143

36 354 52 405 t.
64 347 96 405 4.
109 344 194 405 dccet
207 346 238 404 S.
252 344 358 404 Thom.
376 340 466 422 (quod
479 350 577 423 postea
586 341 712 403 definivit
720 338 804 400 Trid.
813 361 878 402 aare.

36 446 58 487 o.
83 426 113 487 4.
128 427 165 487 dr
190 422 403 501 amm-nro)
427 424 613 485 Sacramenta
625 443 704 482 noran
718 418 804 501 lagia
818 443 879 482 asse

35 516 113 567 utam
129 509 295 579 normano,
308 525 365 565 oon
378 503 529 584 superflum
543 505 595 565 otei
608 506 772 564 nonomnia
782 505 876 584 ringu-

36 596 133 669 :patat
145 587 181 647 de
195 586 306 648 Ordine
319 593 348 645 et
361 584 552 646 Matrimooio.
713 582 718 595 “

39 712 47 729 .
61 670 138 740 Quia
149 671 233 749 ip‘tur
246 671 319 728 inter
331 667 517 726 Sacramenta
527 664 646 727 cstordc
658 662 855 739 neomaitatia?

44 771 112 811 cnm
124 752 155 810 S.
180 749 242 809 Th.
252 756 306 808 art.
320 748 349 807 4.
365 746 467 824 aliquid
482 748 666 806 cocomarium
681 744 736 806 dici
750 752 877 826 respectu

36 830 190 912 inplicitar:
204 849 263 889 uno
276 828 373 903 modo,
385 829 448 888 aine
456 848 573 908 quonon
588 833 680 907 potest
691 826 789 887 haberi
801 827 876 902 tinir,

39 909 475 989 mmoaanuroatcibuarerpectu
485 909 702 971 ritoehumana:
719 906 876 982 oliomodo,

36 1012 81 1071 [uo
92 1013 149 1054 noo
164 992 282 1061 habatru
293 991 359 1051 finis
371 991 412 1051 ita
424 993 631 1057 convenienter,
643 1009 695 1049 acu
708 988 783 1070 quod
796 988 877 1051 valde

36 1082 76 1134 nat
84 1097 92 1146 ;
114 1077 156 1134 ita
169 1092 255 1153 aquus
269 1071 550 1132 diciturnacessariua
563 1069 600 1131 ad
613 1073 675 1131 iter.

38 1156 82 1213 ori
95 1155 190 1234 itaqua
212 1153 296 1213 modo
309 1153 434 1212 maxime
457 1153 582 1212 ornoium
597 1156 626 1210 ct
639 1151 766 1211 absolute
780 1170 875 1210 oeces-

36 1254 51 1293 o
68 1245 113 1295 eet
125 1239 342 1295 Sacramentum
352 1234 508 1313 Baptiami:
523 1241 553 1294 et
563 1234 604 1292 cic
615 1234 702 1293 etiam
710 1232 874 1305 Sacramen-

36 1317 205 1387 ’oeoiteotirc‚-
221 1316 362 1395 euppooito
369 1323 485 1393 peccato
494 1312 606 1373 mortali
617 1320 679 1393 poet
690 1314 874 1392 Baptismum.

36 1396 101 1467 duo,
111 1397 189 1458 aits,
201 1395 308 1455 Thom.
318 1405 386 1455 sunt
395 1393 873 1473 necessariarcepaotnringulourm:

58 1481 123 1538 varri
135 1486 177 1540 eat
188 1476 349 1556 simpliciter
375 1477 548 1536 necessarius
568 1476 620 1536 toti
635 1474 784 1537 nectam:
808 1478 875 1555 qnia

36 1575 81 1619 ron
110 1564 155 1618 eat
185 1558 376 1630 Gubernator,
399 1556 531 1636 pnoulua
557 1563 686 1630 cannot,
718 1561 750 1617 ut
775 1555 874 1620 dicitru

36 1722 138 1781 nteriori
169 1718 252 1780 modo
284 1722 440 1781 neceaaaria
464 1727 530 1779 aunt
555 1714 738 1791 Smamonta
764 1716 872 1779 Ccniir·

35 1802 87 1876 oio,
108 1801 293 1861 Eucharistiae
304 1808 335 1862 ct
356 1802 501 1861 Extrema
513 1799 681 1863 Unctionia:
701 1806 731 1861 at
742 1798 818 1863 idom
831 1808 875 1862 cst

36 1891 197 1977 acromonte
221 1882 403 1943 Matrimonii
424 1884 455 1942 in
473 1881 617 1963 auppoaito
630 1879 874 1963 quodquoniam

36 1982 171 2023 monium.

36 2062 76 2107 tro
86 2044 351 2105 aliaeetneceaaitae
364 2042 461 2116 madii,
475 2045 674 2125 eliapracapti
680 2047 803 2107 aarum
817 2042 873 2105 atie

36 2124 263 2266 pettiuiiviniklrcrlia
274 2126 471 2200 ecclesianam
486 2127 543 2187 alia
556 2129 686 2207 pronepti
691 2145 749 2206 por
759 2144 803 2195 aa,
816 2124 872 2187 alia

36 2225 50 2275 a,
114 2227 160 2277 nr,
227 2250 236 2264 .

36 2280 59 2345 ro
72 2284 159 2346 furino
172 2289 230 2346 euin
243 2286 322 2347 locis.

37 2367 87 2462 An
103 2369 135 2507 {o
152 2367 338 2429 Sacramenta
351 2368 534 2448 sruoipieodio
553 2367 692 2429 chromati
702 2366 790 2433 dobct
803 2366 870 2429 ordo

38 2527 121 2588 Alina
135 2534 176 2587 eet
188 2529 254 2589 ordo
268 2530 416 2609 prioritatis
430 2529 521 2608 quoni
536 2528 677 2589 valorem:
698 2538 729 2589 et
745 2528 794 2588 hia
806 2536 868 2589 tan·

36 2616 64 2669 at
75 2619 204 2689 respectu
218 2610 358 2689 Baptismi
370 2610 407 2669 ad
429 2610 486 2671 alia
500 2611 691 2671 Sacramenta.
730 2610 813 2671 Alius
825 2618 869 2669 oet

36 2692 172 2750 maritate
194 2695 324 2769 praecepti
347 2697 473 2763 tantum3
495 2694 552 2751 nive
580 2694 684 2771 utquie
697 2711 751 2753 oon
773 2690 868 2749 nolum

36 2813 46 2838 ,
66 2771 119 2830 sed
140 2781 170 2830 et
190 2772 266 2831 licite
288 2772 501 2831 Sacramentum
515 2774 667 2852 suscipiat:
688 2781 719 2833 at
731 2775 771 2833 aic
783 2770 868 2831 cebet

36 2855 130 2911 :matio
143 2853 299 2932 praendere
313 2852 461 2926 Ordinem,
475 2854 554 2913 Ordo
566 2853 681 2915 inferior
688 2855 865 2933 superiorem,

36 2944 212 2992 aramentum
246 2935 422 2992 Poenitentiae
449 2937 467 2993 a
496 2937 610 3017 raiapaio
636 2933 868 3016 praemandaret

36 3015 114 3083 itioni
128 3014 302 3075 Sacramenti
312 3016 438 3075 rivorum.
