2130 3990
65 211 127 270 θινὶ
311 228 517 272 arsennaria
537 226 739 273 reuouooioe

58 375 177 455 ‚aueum
214 373 391 452 Congiamila
420 375 625 434 Panormitanae
651 372 788 433 Ecclesiae
819 370 993 432 emunim

66 456 257 533 'l‘lreoloqum
278 465 307 513 et
329 457 357 514 in
382 465 443 514 toto
464 454 569 515 Siciliae
595 455 693 534 Regno
712 466 813 513 contra
834 454 989 515 haereticam

66 539 232 615 pravitatem
250 536 445 615 inquisitorem
461 537 673 597 Provincialem.
715 536 789 595 Cirm
802 537 880 594 enim
895 534 987 594 Archi-

67 618 212 696 presbyter
227 617 369 677 Palmensi
383 619 517 678 Ecclesiae
530 627 614 676 antes
628 615 790 696 prefuisset,
821 617 985 696 experiendi

59 698 177 771 didicit,
195 701 356 757 innumeros
378 699 464 757 listas
487 708 597 758 aeternae
620 697 713 757 addici
739 700 881 765 maeno„
898 695 985 759 volni

69 793 216 856 parentum
229 783 374 849 incuriam,
386 781 429 838 vel
438 781 474 838 ob
488 778 669 858 quorumdam
683 779 863 837 Medicorum
874 798 985 854 seucum

68 864 115 938 qni
130 863 331 919 animationem
347 860 418 921 forti
437 863 532 941 primis
545 861 563 917 ei
577 861 764 940 conceptione
774 859 873 919 diebus
885 862 984 920 contio

66 951 190 1018 gentem,
212 962 264 1000 non
286 943 339 1000 nisi
354 954 414 1020 post
426 962 536 1001 menses
554 944 663 1000 evenire
685 939 883 1020 opinabantur.
925 940 986 1003 ludo

67 1027 160 1095 sensit,
180 1025 263 1100 qnam
284 1023 369 1096 utilis,
389 1022 562 1094 commodus,
583 1041 618 1080 ue
632 1021 723 1081 dicam
738 1024 858 1081 omniuo
869 1021 986 1083 nocuis

66 1106 125 1161 rius
142 1104 249 1162 iuturus
271 1115 346 1162 osset
358 1104 434 1177 liber,
455 1124 558 1182 quoae
572 1123 639 1182 pars
651 1102 782 1163 doctrinis
796 1104 986 1174 contineretur,

64 1205 125 1261 quar
135 1185 171 1244 ad
181 1186 257 1244 recte
264 1185 465 1245 instituendam
477 1183 715 1264 erudiendumque
727 1184 781 1242 hac
790 1185 821 1242 in
831 1205 863 1243 re
870 1187 988 1246 omnium

66 1266 260 1338 sarcerdotum,
280 1276 310 1324 et
329 1269 477 1346 prasertim
501 1266 823 1325 Pastorumindustriam
836 1264 919 1325 facit.
958 1267 989 1327 la

64 1347 143 1412 sani,
164 1348 260 1404 aiebat
280 1348 312 1405 S.
339 1350 522 1426 Augustinus,
558 1347 576 1383 ⁸*
591 1346 630 1405 Si
646 1344 780 1426 pupilles
803 1363 889 1424 opem
909 1345 989 1426 serre

57 1428 205 1506 presepia
210 1449 254 1501 ar,
263 1434 372 1503 quanto
386 1432 487 1507 magis
494 1447 552 1507 pro
565 1429 631 1486 istis
645 1427 777 1487 laborare
789 1427 934 1497 damma,
944 1434 991 1507 qui

64 1510 269 1567 destitutiores
289 1518 317 1567 et
336 1513 501 1568 miseriores
517 1507 645 1587 pupillis
659 1510 746 1568 etiam
758 1507 990 1586 conparantes

66 1590 310 1662 resurrecturas·
321 1594 365 1650 eis
382 1591 496 1650 Christi
505 1593 611 1668 gratia
625 1588 830 1666 denegabitur,
839 1609 930 1669 qaam
938 1611 990 1670 per

66 1692 98 1728 se
120 1675 180 1750 ipsi
191 1671 344 1747 flagitare
366 1691 424 1731 noa
443 1679 580 1751 possunt.
629 1671 671 1732 Ut
695 1679 789 1729 eutem
825 1672 990 1745 clarissimis

67 1751 243 1829 Cangiamila
265 1755 344 1811 tautd
364 1755 517 1832 imponsiits
531 1773 581 1831 pro
595 1753 628 1811 iis
641 1752 806 1829 loqueretur,
827 1756 936 1830 quanto
947 1772 990 1833 pro

66 1853 96 1888 so
109 1836 161 1912 ipsi
174 1835 263 1891 minus
276 1843 404 1912 possunt,
425 1834 575 1902 consuluit,
598 1853 654 1891 riou
672 1832 756 1892 modo
780 1832 988 1895 Ecclesinnticoe

65 1915 214 1986 Doctores,
230 1913 378 1973 sedetiam
392 1914 591 1994 Philosophus,
602 1912 762 1990 Chirurgus,
780 1913 922 1988 Modicus,
934 1925 989 1975 trin

64 2004 179 2062 veteres,
193 2003 253 2052 tum
269 2016 363 2053 novos.
422 1996 532 2054 Horum
546 1994 698 2054 luminibus
711 1999 862 2054 instructus
877 1995 988 2057 norun

65 2075 160 2145 edidit,
181 2079 227 2134 cui
250 2076 364 2135 titulus:
387 2075 597 2153 Embryologia
622 2077 724 2144 Sacra,
746 2077 776 2134 in
800 2086 987 2154 quonoetram

64 2167 209 2236 utramque
232 2157 352 2218 Thesim
375 2158 483 2218 erudite
495 2157 610 2224 stabilit,
633 2159 774 2235 simulque
786 2159 922 2218 mouente
935 2177 987 2238 per·

66 2239 169 2316 pendit,
192 2237 330 2318 quidquid
352 2238 505 2299 conducere
519 2248 621 2318 potest,
635 2246 693 2297 tum
708 2238 745 2296 ad
758 2236 842 2296 foetus
855 2240 987 2299 abortivos

66 2320 139 2397 aquei
152 2319 267 2378 salutari
280 2320 448 2392 lustrandas,
469 2330 528 2379 tum
553 2319 590 2378 ad
603 2317 675 2378 alios
689 2321 717 2376 in
732 2328 817 2397 partu
829 2319 987 2399 impossibili

66 2400 199 2458 Caesarec
219 2403 343 2458 sectione
357 2400 531 2474 educendos,
544 2401 584 2460 rel
608 2401 636 2458 iu
648 2397 755 2458 difficili
769 2418 821 2478 per
830 2401 986 2480 syphones·

63 2483 122 2539 lnrn
133 2483 206 2537 intra
219 2490 347 2538 materna
359 2484 465 2541 viscere
478 2481 671 2560 baptizandos.

107 2560 334 2640 Embryologiam
356 2583 463 2621 sacram
486 2565 604 2622 summis
624 2561 755 2621 laudibus
775 2561 941 2622 extulerunt
952 2565 988 2623 ln·

65 2645 174 2701 muneri
198 2645 354 2702 Doctores:
376 2645 497 2722 ipsemet
508 2645 676 2702 Benedictus.
694 2642 784 2701 XIV.
795 2645 940 2721 scripsit†
957 2645 989 2705 od

64 2731 214 2781 strictorem
230 2723 274 2782 his
287 2725 393 2783 verbis:
415 2725 497 2784 Satr's
518 2725 641 2785 liberter
661 2728 692 2782 ia
712 2733 812 2782 nostro
825 2725 860 2782 de
874 2724 989 2801 Synaos

68 2806 240 2864 Diocaesarea
254 2813 384 2865 tractata
405 2805 474 2864 libri
490 2811 539 2864 tui
559 2808 596 2864 de
613 2824 739 2864 caesareo
754 2815 846 2882 partu
859 2805 991 2884 sectariis

66 2891 250 2958 necationem,
275 2891 416 2966 ssqaippe
431 2894 492 2945 tum
507 2889 546 2946 ad
558 2885 756 2964 temporalem,
775 2891 838 2944 turn
859 2889 901 2945 aa
912 2895 990 2946 ater-

66 2987 133 3024 anra
147 2967 296 3026 dominum
311 2973 401 3026 vitam
415 2968 509 3028 raalio
523 2967 725 3027 conducibilis.

107 3049 208 3126 Operis
232 3049 407 3125 parvulorum
432 3051 515 3109 saluti
537 3049 625 3108 dicati
638 3050 834 3107 executionem
848 3068 991 3124 promore-

65 3140 128 3188 runt
151 3149 199 3207 per
220 3149 272 3186 sua
294 3129 386 3187 edicta
397 3129 520 3209 plerique
534 3130 789 3198 sreoltAntisrites,
812 3131 907 3208 plures
926 3135 992 3192 item

67 3211 209 3277 italicict
220 3230 265 3288 per
278 3231 357 3268 suam
372 3211 580 3287 Pragmaticam
595 3210 712 3270 Carolus
728 3210 785 3269 lll.
796 3219 867 3270 tuuc
878 3214 992 3275 murra

64 3312 118 3368 que
133 3293 240 3366 Sicilia,
259 3311 334 3350 nuuc
348 3293 375 3351 iu
392 3291 540 3372 Hispaniis
552 3293 671 3353 feliciter
683 3295 831 3371 regnans.§

69 3593 73 3601 .
94 3550 159 3598 “De
170 3566 225 3612 pec.
237 3566 300 3603 mer.
315 3558 324 3603 1
337 3555 354 3604 3
365 3569 424 3620 cap.
438 3555 477 3605 1³.
502 3555 517 3614 i
534 3555 618 3617 Epist.
629 3552 688 3603 data
700 3520 789 3602 Romae
801 3556 815 3600 't
827 3553 887 3602 Kal.
897 3556 995 3620 Aprilis

62 3617 189 3685 arr-1756.
203 3618 258 3666 ltcl.
268 3619 294 3666 in
309 3619 431 3684 hlmbryol
441 3619 471 3669 S.
482 3635 508 3683 p.
523 3619 583 3672 Vll.
619 3618 632 3680 2
647 3615 824 3672 lill.c.i·n.
838 3619 880 3668 1³.
911 3623 993 3683 §Rei

62 3683 87 3727 iu
97 3679 172 3729 Emb.
182 3681 208 3730 S.
220 3695 281 3745 pag.
291 3683 347 3732 255.
360 3689 451 3748 etseq.
