2130 3990
114 165 176 227 286
448 144 453 153 ⁸
488 186 665 234 suesanus
740 154 744 159 ’

154 330 208 393 Illa
231 349 286 393 vox
323 333 622 408 transubstantiatio,
654 333 723 395 licet
748 352 805 394 uon
833 335 987 415 reperiatur
1009 338 1028 398 ir

113 414 269 492 Scriptura,
283 416 361 476 mett
373 426 467 475 iernen
479 417 515 474 nh
526 417 658 476 Ecclesia
668 427 844 474 consecratur
857 425 889 474 et
896 415 1031 479 adhibetur

111 492 150 552 sul
162 494 347 575 explicandas
368 499 431 557 illas
444 500 580 570 veritates,
599 517 664 576 quae
677 498 706 555 iu
728 498 885 576 Scripturis
897 506 927 557 ct
940 498 1030 557 Tradi-

111 577 187 633 tioue
211 579 396 655 reperiuntur,
416 580 514 655 eisque
541 581 680 658 oppositas
693 578 813 637 hareses
827 577 1030 639 excludendas:

110 656 184 714 sicut
208 656 337 718 Ecclesia
349 660 423 719 recte
445 658 592 738 adoptavit
603 660 719 718 norrfina
731 658 1029 735 consubstantialitas,

117 735 255 805 Trinitas,
279 738 416 818 Des'pcrn,
438 739 491 799 &c
520 742 586 819 quia
608 740 684 819 quod
705 741 754 800 illa
773 739 1028 819 verbasignifinsnt

110 819 175 877 vere
189 839 227 878 ax
240 821 405 881 Traditioue
427 830 457 880 et
469 824 616 900 Scriptura
628 820 756 880 habetur.

152 899 193 960 ΙΙ.
211 901 550 961 Transuhstautiationem
564 919 671 981 negant
684 901 828 960 liutherus
840 909 872 960 et
885 899 1028 964 hotham

111 978 238 1040 dicentes
266 1002 414 1042 remanere
436 984 620 1042 substantiam
645 983 730 1042 Panis
749 990 780 1041 at
796 982 1027 1043 Vinisiruulcan

111 1059 236 1140 Corpore
248 1072 276 1124 et
288 1065 434 1143 Sanguine
448 1064 561 1122 Christi.

150 1140 256 1203 Contra
268 1165 337 1224 quos
348 1145 480 1224 probatur
495 1146 535 1203 1⁰·
552 1146 600 1205 Ex
608 1152 745 1225 perpetua
752 1142 904 1204 traditione
912 1144 1027 1223 similiter

109 1224 1025 1388 arithmisrilltttptttiltf'llnitltlt

106 1383 181 1465 apud
197 1387 405 1447 Bellsrminum.

149 1466 264 1525 111.20·
284 1469 416 1530 Probatur
428 1490 465 1529 cx
481 1470 570 1530 verbis
590 1470 778 1536 institutionis,
798 1487 857 1547 quo
869 1476 1023 1547 arguments
1058 1484 1061 1491 ’

107 1551 196 1607 utitur
209 1552 293 1608 etiam
304 1550 502 1612 Tridentinum
515 1574 581 1611 sess.
595 1551 642 1614 13.
656 1571 716 1631 cap.
731 1551 760 1608 4.
783 1550 911 1609 Dicens:
926 1556 944 1582 “
957 1550 1022 1620 Quo·

106 1629 184 1688 niam
205 1640 302 1691 autem
326 1630 450 1691 Christus
475 1633 648 1713 Redemptor
669 1640 764 1690 noster
780 1629 890 1711 Corpus
903 1630 1022 1705 suumn,

106 1711 182 1789 quod
207 1713 258 1770 sub
286 1715 383 1793 specie
411 1714 497 1772 Panis
523 1714 667 1787 offerebat,
687 1712 750 1772 verti
770 1730 833 1770 esse
856 1711 950 1783 dixin
968 1710 1022 1771 idai
1059 1778 1061 1783 ,

105 1811 268 1870 persuasum
289 1814 398 1874 semper
410 1798 440 1854 in
459 1797 585 1856 Ecclesia
602 1796 656 1854 Dei
669 1792 733 1867 hit,
752 1793 839 1872 idque
852 1810 930 1852 uunc
942 1791 1021 1852 denuo

105 1870 213 1931 Sancta
227 1874 286 1932 hec
313 1876 447 1955 Synodus
460 1876 591 1949 declarat,
611 1895 661 1955 per
684 1875 933 1934 consecrationem
948 1874 1020 1934 Panis

104 1963 135 2012 et
148 1953 216 2014 Vini
231 1961 438 2016 conversionem
463 1957 524 2016 lieri
544 1960 630 2016 totius
643 1956 807 2016 substantiis
826 1956 913 2014 Panis
925 1956 954 2015 in
966 1954 1019 2015 toh-

102 2040 236 2096 stantiam
251 2037 385 2117 Corporis
401 2038 516 2110 Christi,
536 2036 610 2096 &c.’'

143 2116 195 2176 Vis
210 2118 294 2197 hujus
319 2121 474 2198 argumenti
496 2121 621 2178 consistit
639 2120 668 2176 iu
684 2139 727 2186 eo,
749 2116 860 2195 quodsi
874 2116 1017 2177 substantia
1055 2144 1061 2155 ·

103 2196 197 2269 Panis,
220 2200 329 2278 prolati
355 2202 455 2270 formai,
485 2207 649 2270 remaneret,
672 2199 770 2258 eadam
796 2197 954 2258 substantia
977 2196 1016 2256 (le
1057 2204 1061 2260 ἶ

101 2288 297 2340 monstraretur
310 2302 361 2361 per
372 2301 528 2361 pronomen
545 2281 608 2351 noc,
631 2288 728 2359 utpote
741 2278 910 2338 sensibiliter
922 2288 951 2337 et
962 2287 1016 2337 tuns

100 2363 188 2438 magis
216 2363 404 2442 principaliter
426 2381 564 2441 praesens3
586 2365 664 2440 atqui
687 2363 727 2419 sic
750 2359 842 2419 forma
855 2358 1015 2429 forestata

100 2445 164 2499 crim
191 2441 293 2500 falsum
307 2446 350 2515 sit,
370 2443 445 2521 quod
468 2442 624 2502 substantia
638 2442 721 2501 Pania
735 2442 772 2500 sit
785 2441 896 2519 Corpus
911 2439 1015 2499 Christi.
1056 2446 1061 2498 l

100 2518 181 2579 Idem
194 2532 237 2580 est
251 2523 286 2581 de
300 2524 389 2583 lorma
403 2524 516 2582 Calicis.
799 2572 806 2580 .
1053 2526 1061 2582 .'

140 2601 210 2680 Obj.
241 2603 263 2662 l.
279 2605 506 2665 Demonstrando
528 2605 643 2665 Delium
659 2604 806 2662 continens
820 2600 941 2670 Vinum,
962 2601 1016 2660 seri

98 2681 180 2756 dico;
204 2683 273 2744 Hoc
287 2691 332 2745 est
348 2685 471 2744 Vinum:
494 2705 559 2764 ergo
575 2684 800 2745 Demonstrando
815 2682 925 2741 Panem
939 2684 1017 2742 couti·

98 2773 211 2826 nentem
227 2766 337 2847 Corpus
352 2767 466 2841 Christi,
486 2774 594 2847 poterat
607 2765 735 2826 Christus
749 2764 812 2824 vere
827 2763 940 2823 dicere:
957 2762 1017 2823 Hos
1043 2788 1059 2821 ,ι

97 2851 142 2903 est
160 2847 273 2927 Corpus
285 2868 388 2908 meum.

141 2927 177 2986 R.
204 2930 360 3008 Disperitas
382 2938 435 3003 ast,
455 2929 530 3007 quiid
553 2928 659 2988 dolium
671 2946 709 2986 ex
727 2931 827 2985 natura
839 2946 893 2985 sua
906 2934 938 2984 et
950 2945 1016 2985 com·

96 3010 174 3067 muni
188 3008 336 3068 hominum
356 3030 409 3069 usu
422 3013 458 3070 sit
470 3011 628 3070 ordinatum
642 3008 680 3068 ad
694 3006 895 3067 continendum
909 3008 1016 3066 vinnm:

96 3097 126 3148 st
138 3090 180 3147 ita
193 3109 291 3149 omnes
302 3090 374 3149 bene
383 3091 549 3169 intelligunt,
565 3091 639 3171 quod
649 3088 867 3149 demonstrando
878 3091 1017 3148 continens

94 3168 263 3247 significetur
277 3180 447 3232 contentum.
490 3172 574 3231 Panis
593 3181 688 3231 autam
702 3189 793 3249 neque
806 3189 844 3228 ex
859 3168 968 3227 Christi
981 3170 1017 3226 in·

95 3253 239 3310 stitutione
263 3251 405 3312 ordinatus
428 3261 472 3312 ost
497 3257 533 3313 ad
556 3251 754 3312 contuendum
776 3249 884 3328 Corpus
899 3248 1016 3318 Christi;

93 3331 212 3470 illi
229 3334 286 3472 :0¹3
313 3333 900 3492 lhlllglltliltmcinlimatis
914 3330 1018 3487 illl

200 3458 207 3481 s
901 3455 911 3484 t

93 3491 193 3571 aliquis
206 3492 424 3555 demonstrando
452 3498 559 3554 Panem
572 3497 620 3554 cui
632 3495 789 3554 inclusisset
801 3512 949 3555 nummum
965 3494 1018 3552 Au·
1057 3520 1060 3545 ι

94 3593 181 3646 reum,
203 3575 265 3636 uere
280 3574 374 3638 moero
385 3585 496 3661 posset:
520 3574 589 3638 Hoc
603 3583 648 3636 est
661 3574 800 3636 Aureum.
