2130 3990
260 192 303 235 ur
321 192 523 237 seminarium
542 189 717 234 asoarrvrs.
897 172 962 232 223·

65 339 207 420 Ejusdem
219 338 417 418 compendium
425 339 453 395 iu
464 337 641 396 vernaculam
653 336 821 394 Graecorum
831 332 954 409 linguam

36 423 170 483 tanstulit
189 442 237 500 pro
260 417 452 479 Orientalibus
473 420 584 497 populis
607 437 766 496 anonymus
786 415 906 494 quidam,
928 426 959 473 et

36 522 75 563 iro
88 502 261 563 nostratibus
272 504 301 560 iu
316 501 459 560 Gallicam
475 501 616 559 Dominus
632 501 781 558 Diuouart.

66 584 159 645 Fixit
173 585 263 650 Deus,
283 590 316 641 ut
328 581 376 640 alii
390 580 526 641 Ecclesiae
544 600 579 639 ao
600 580 697 639 sarculi
719 579 863 657 Principes
886 581 958 637 tanti

36 666 117 743 peris
139 666 289 725 lectionem
309 678 367 723 nen
381 661 576 740 dedignentur,
596 661 697 739 illiquo
710 665 827 739 permoti
841 679 875 717 ea
888 680 956 718 con·

36 755 116 808 orant
128 744 308 817 adminicula,
328 742 431 821 quibus
444 743 480 801 od
495 752 552 801 tam
568 762 648 821 grave
661 745 804 819 negotium
820 760 955 819 peragen-

36 826 95 887 lum
108 827 239 905 indigent
253 826 383 885 Perochi.

62 908 212 979 Quantum
225 905 263 965 ad
275 914 399 965 nostram
414 905 545 967 'Phasim
568 905 607 963 sic
630 906 701 963 iuter
722 904 790 962 alios
812 902 957 961 Antistitos

36 998 150 1049 nentem
174 1008 254 1049 suam
274 989 410 1066 expressit
432 985 633 1046 illustrissimus
654 985 772 1064 Joseph.
797 984 957 1056 Molendum,

36 1069 264 1149 lrchiepiscopus
289 1070 514 1137 Panormitanus,
536 1068 643 1145 primus
669 1070 698 1126 in
726 1066 829 1124 Siciliae
855 1065 958 1142 Regno

36 1150 284 1229 metropolitauus:
319 1150 395 1209 Cum
409 1150 552 1208 incertam
565 1152 605 1206 ar't
620 1151 810 1207 animationis
833 1156 957 1223 tempus,

36 1250 111 1291 ream
121 1231 257 1310 plerique
270 1231 413 1291 Auctorce
421 1232 534 1308 primia
555 1231 747 1305 gracilitatis
767 1228 868 1286 diebus
888 1246 955 1289 con-

38 1316 145 1391 ingere
154 1318 271 1391 pulani,
283 1316 315 1372 in
331 1328 514 1391 quocumque
525 1310 627 1369 abortu
639 1309 742 1369 sedulo
756 1311 957 1389 inspiciendus

36 1401 70 1453 ret
71 1393 193 1473 fruiae:
214 1415 252 1454 ac
264 1396 299 1462 oi,
316 1395 500 1473 quantumuis
513 1395 646 1468 eaiguua
655 1402 684 1451 et
698 1392 956 1469 imperfectissima

36 1475 186 1552 igaratus,
199 1475 323 1552 alr'puem
336 1482 432 1534 tamen
446 1481 553 1533 molum
567 1475 710 1546 ostendat,
723 1471 807 1551 illico
820 1471 873 1531 oub
887 1491 957 1530 cona

36 1556 145 1629 litione,
161 1560 185 1616 si
196 1577 227 1615 es
240 1576 342 1636 capax,
357 1555 531 1634 baptizetur.
542 1554 582 1613 Si
589 1560 657 1615 uero
668 1562 777 1629 rnatum
791 1572 851 1612 non
863 1563 955 1616 osten-

36 1640 82 1711 mr,
96 1639 154 1699 scd
165 1635 362 1698 nibilominus
381 1639 532 1697 hunuanus
553 1635 666 1712 ernbrpo
683 1655 746 1694 esse
759 1636 957 1713 dignoscitur,

36 1736 78 1777 ree
97 1728 196 1779 tamen
219 1726 362 1779 contusus
384 1716 434 1776 uel
453 1726 627 1794 corruptum·
650 1722 770 1776 cusanc
783 1736 864 1783 casu,
886 1721 957 1795 quia

36 1800 103 1858 irie
118 1804 200 1872 uiuri,
222 1804 354 1879 quamvis
367 1803 479 1858 proveri
491 1818 548 1857 aon
558 1802 667 1877 passui,
688 1800 770 1878 quod
780 1816 898 1873 organa
919 1799 959 1855 ad

36 1888 134 1941 uorum
146 1882 245 1941 adbuc
257 1890 327 1959 apta
340 1900 398 1939 noa
410 1880 523 1945 lrabeat,
535 1899 643 1956 graues
655 1881 799 1938 Doctores
809 1880 956 1957 baptizan-

36 1961 164 2022 dam-nub
176 1964 341 2022 conditione
353 1962 465 2031 docent,
488 1968 574 2040 alque
589 1965 633 2019 ila
644 1980 698 2020 rios
700 1961 879 2039 faciendum
894 1979 957 2018 acac

36 2060 183 2103 manemus

50 2126 286 2183 :Animaduerlat
295 2133 387 2182 autem
397 2123 608 2195 Faraulamne
621 2131 681 2183 tam
682 2123 816 2200 firmiter
824 2128 957 2201 propriae

36 2205 177 2266 rdbaereal
200 2206 347 2284 opinioni,
369 2210 402 2261 ui
424 2204 531 2263 alienis
553 2213 581 2263 et
596 2205 790 2283 paruulorum
804 2204 957 2263 animabus

36 2287 126 2363 nagia
138 2284 359 2362 favorabilibus
380 2285 475 2344 locum
498 2288 636 2362 deneget,
659 2306 724 2344 curn
743 2284 889 2363 periculo,
920 2307 957 2344 are

36 2371 106 2431 *eriri
115 2375 250 2446 pereant,
264 2386 329 2446 quae
336 2366 530 2444 probabiliter
542 2365 658 2426 sulcari
663 2369 839 2445 potuissent.
889 2366 956 2424 Nec

36 2466 123 2506 amen
143 2450 328 2528 prudentiam
353 2452 441 2507 islam
466 2448 523 2506 sibi
536 2449 735 2508 tautummodo
748 2453 881 2519 reservet,
904 2449 958 2506 secl

36 2529 132 2607 rapula
145 2548 200 2588 auo
214 2533 244 2588 in
259 2528 501 2588 instructionibus
514 2530 747 2589 communicabit.
801 2529 869 2587 Hoc
893 2530 959 2607 ulti-¹

36 2629 102 2669 num
132 2612 271 2670 monitum
298 2610 349 2669 dat
371 2610 570 2669 illustrissimus
598 2612 723 2688 ignatius
756 2609 956 2688 Fraganeschi,

36 2692 182 2771 dpisoopus
197 2691 401 2756 Cremonensis,
422 2713 456 2749 uc
469 2692 531 2749 solii
549 2691 687 2751 Pontificii
702 2695 841 2751 assistens.

65 2773 206 2842 Quamuis
219 2780 264 2831 tot
277 2793 310 2831 ac
325 2782 382 2831 tam
392 2771 468 2830 clara
482 2774 683 2850 Episcoporum
694 2783 724 2829 et
738 2776 889 2831 Doctorum
899 2771 955 2830 suf-

36 2855 114 2932 'mgiu
138 2854 233 2912 zelum
247 2852 421 2931 singulorum
437 2854 621 2912 sacerdotum
635 2854 768 2932 languere
782 2874 835 2911 uon
849 2855 954 2919 sinant,

36 2934 187 2994 iusillorum
213 2942 306 2992 tamen
330 2934 521 3012 erigendarum
543 2945 628 3011 atque
649 2936 849 2995 firmandorum
866 2934 954 2992 finem

36 3016 131 3074 acient
145 3015 208 3074 haec
227 3026 401 3094 argumenta.
940 3056 944 3065 .

66 3096 103 3155 lu
117 3117 185 3154 casu
199 3098 371 3157 necessitatis
384 3095 442 3154 dari
457 3095 561 3155 debent
575 3099 753 3157 Sacramenta
774 3098 889 3156 omniuo
904 3116 952 3154 ne·

36 3180 148 3236 tassaria
160 3180 206 3244 iis,
220 3180 269 3256 qui
281 3181 404 3254 ipsorum
420 3177 505 3235 dubie
516 3189 581 3236 suut
590 3199 723 3258 capaces:
745 3179 813 3237 irinc
826 3178 954 3237 Ritualis

36 3258 214 3330 armabunt,
236 3271 271 3318 ut.
288 3258 370 3317 detur
396 3258 556 3337 Baptismus
575 3262 617 3333 iis¹
632 3264 770 3328 monstris,
792 3261 828 3317 de
852 3257 953 3337 quibus

36 3339 179 3413 inuitatur,
198 3346 291 3398 utrium
315 3343 371 3398 siut
395 3339 529 3406 homines,
559 3353 588 3398 et
608 3343 639 3398 iis
663 3341 774 3399 fratibus
797 3361 835 3399 ex
858 3342 953 3399 matris·

36 3421 164 3480 lelunctae
187 3433 263 3481 utero
287 3424 436 3494 extractis,
457 3423 492 3480 ds
506 3423 608 3498 quibus
622 3421 774 3495 dubitatur,
795 3443 831 3481 au
845 3424 952 3481 vivant:

36 3503 104 3580 oqui
126 3501 211 3561 foetus
233 3503 345 3563 minimi
368 3513 434 3561 sunt
455 3503 542 3573 dubie
559 3503 657 3561 saltem
675 3504 809 3582 Baptismi
823 3502 964 3583 capacem·

36 3585 137 3643 rnansi
151 3591 262 3643 motum
275 3595 519 3663 apparentemuon
533 3583 676 3661 hpbeout:
698 3605 750 3642 nee
760 3589 852 3658 minor
865 3584 964 3643 habe·-

36 3683 68 3724 ur
91 3663 240 3725 dubitandi
265 3666 342 3727 locus
366 3664 403 3723 de
425 3685 518 3724 eorum
541 3666 710 3725 animatione
728 3673 756 3727 et
779 3668 847 3733 vita,
867 3666 953 3745 quim
