2130 3990
71 160 131 222 tot
443 178 622 225 naimarus

71 323 191 383 Missam
215 334 265 384 eut
292 325 444 384 notabilem
467 324 564 384 Missa
584 335 702 406 partem,
724 329 833 404 peccat
847 320 1001 395 mortalitem

71 414 165 484 potest
178 414 272 465 tameo
281 407 339 465 fieri
349 408 458 465 veniale
469 426 523 465 uon
539 414 644 464 tantum
659 426 698 464 ex
713 403 1002 464 indeliberationeoo·

70 486 124 547 tris.
146 507 173 543 v.
189 506 215 563 g.
230 489 253 544 si
280 490 341 565 quia
368 508 404 546 ex
434 488 593 566 ignorantia
620 487 674 546 diei
702 487 786 545 Festi
800 484 898 542 sollum
912 484 1002 544 veniali

70 567 173 624 omittit
199 567 296 626 audire
320 568 458 638 Missem3
480 571 529 627 sed
558 570 642 627 etiam
662 586 702 626 ex
716 570 865 644 parvitate
878 567 1002 630 materia,

68 648 110 704 ita
136 658 167 705 ut
190 658 296 726 partem
323 655 436 709 tentum
463 650 553 720 lovem
579 651 716 708 omittens
730 647 889 707 venialiter
902 646 1000 706 aaron

67 738 173 806 penem

112 809 251 877 Quanam
267 831 330 889 pare
345 811 443 870 Missae
457 819 583 869 censetur
593 810 746 869 notabilis?

111 889 165 950 lV.
183 891 217 948 R.
229 892 594 951 Deeumitornotabilitasa
605 896 761 971 quantitate
773 889 819 948 vel
829 888 999 967 &qualitatar

71 973 90 1029 ὰ
103 970 245 1049 qualitate,
259 974 374 1052 quando
387 973 570 1032 desumitur&
582 973 707 1052 partibus
719 973 837 1042 Misaae,
852 990 918 1049 quo
930 989 998 1028 max·

70 1053 120 1110 imi
132 1063 197 1111 sunt
211 1057 345 1114 momenti
357 1079 364 1126 ;
379 1065 408 1113 et
422 1056 476 1112 heo
490 1057 595 1112 ratione
607 1062 712 1131 partem
722 1052 884 1112 notabilem
896 1053 995 1125 omittit,

69 1135 245 1213 graviterque
261 1146 367 1215 peccat,
382 1141 428 1215 qui
442 1157 471 1193 se
485 1134 645 1193 absentati
659 1133 898 1204 consecratione,
920 1129 993 1210 (iden

70 1216 117 1271 dio
142 1215 177 1271 do
204 1236 246 1286 eo,
269 1219 315 1294 qui
339 1218 493 1276 voluntarie
521 1215 682 1274 distrahitur
702 1225 836 1294 tempore
851 1212 991 1270 Consecra-

69 1294 167 1370 tionis)
197 1298 240 1354 vel
263 1296 348 1354 otiam
368 1296 457 1375 juxta
481 1296 583 1375 plures,
602 1299 650 1376 qui
664 1317 718 1354 non
732 1299 853 1354 interest
867 1292 991 1352 Commu·

68 1378 162 1443 niooi;
184 1379 252 1455 quia
264 1380 291 1435 in
308 1378 350 1435 bis
363 1381 488 1438 consistit
500 1381 621 1436 essentia
633 1386 663 1435 ot
674 1380 820 1454 integritus
834 1373 977 1433 Sacrifioii.
1028 1418 1030 1423 -

110 1456 280 1516 Notabilitas
304 1459 459 1518 desumitur
485 1461 504 1516 ri
530 1463 692 1538 quantitate,
713 1458 784 1515 dum
809 1457 992 1515 desumiturr

68 1556 170 1613 magna
185 1550 260 1617 parto
274 1559 397 1618 precum,
419 1542 573 1599 orationum
587 1549 616 1598 et
629 1541 876 1610 ceremoniarum,
897 1540 990 1615 quein

68 1621 177 1677 actione
205 1621 299 1680 Missua
326 1625 507 1699 contingunt:
529 1635 558 1679 et
573 1623 626 1679 bau
652 1623 760 1678 ratione
789 1638 856 1698 pars
872 1617 991 1677 notabilis

65 1699 151 1777 juxte
177 1702 247 1759 alios
274 1712 318 1760 est
343 1707 434 1768 tertia,
451 1702 537 1780 juxta
560 1703 629 1760 elios
655 1701 794 1780 quosdam
810 1710 916 1780 quarta
937 1719 991 1778 pau

69 1781 179 1852 Missae3
204 1784 337 1841 Doctores
346 1787 462 1842 variant.
499 1848 503 1855 ,

109 1861 288 1922 Communior
299 1874 341 1922 est
352 1867 500 1933 sententia,
515 1864 595 1922 illum
611 1883 666 1922 non
681 1864 813 1921 omittere
826 1868 937 1940 partem
946 1882 990 1921 no·

68 1942 193 2009 labilem,
215 1947 264 2022 qui
288 1945 323 2002 ab
351 1947 430 2002 initio
453 1945 586 2017 interfuit,
606 1944 653 2002 sed
678 1946 740 2002 exit
753 1943 922 2002 immediati·
934 1951 992 2022 port

68 2025 320 2093 Communionem;
343 2045 432 2103 neque
454 2026 542 2094 illurn,
564 2028 613 2103 qui
628 2029 731 2083 omittit
744 2028 841 2082 omniu
866 2026 989 2101 aprinci-

65 2110 112 2185 pio
136 2126 223 2185 usque
247 2107 283 2164 ad
307 2108 452 2185 epistolam
476 2108 627 2179 exclusive,
648 2106 696 2164 sed
719 2116 845 2165 romanet
859 2105 990 2184 usquead

64 2189 158 2246 linem.

107 2269 213 2327 Laxior
239 2269 334 2346 opinio
359 2271 466 2346 igravi
491 2278 614 2336 excusat,
638 2267 789 2326 dummodo
805 2269 917 2326 intersis
929 2276 990 2325 auto

65 2350 245 2414 offortorium,
261 2350 331 2426 quod
344 2349 500 2407 nullatenus
510 2349 727 2424 admittendum
744 2356 809 2407 curn
819 2349 989 2406 Patreseern

66 2433 163 2491 Missae
177 2440 284 2508 purtem
305 2434 398 2507 magni
426 2433 596 2500 aestimarint,
620 2431 695 2487 unde
712 2433 830 2491 Missam
848 2430 989 2489 Cateohu·

66 2531 211 2570 menorum
225 2513 422 2590 appellabant:
443 2515 588 2588 rigorosior
597 2515 690 2589 opinio
704 2517 827 2591 requirit,
841 2522 876 2568 ut
889 2513 990 2571 intersis

65 2594 102 2651 ed
131 2594 304 2670 Epistolem:
328 2593 496 2671 probabilior
522 2595 617 2671 opinio
631 2601 660 2649 ot
680 2595 716 2652 ad
730 2614 842 2652 sensum
859 2595 936 2672 vulgi
948 2612 989 2650 ao·

65 2676 267 2733 commodatior
280 2673 392 2744 videtur,
414 2677 437 2732 si
452 2676 578 2732 dicamus
600 2693 664 2732 oum
693 2677 736 2734 Lu
750 2675 849 2746 Crolx,
872 2673 989 2732 Missam

64 2775 118 2813 non
147 2754 247 2822 audiri,
268 2757 366 2832 siquis
393 2777 446 2813 non
476 2759 567 2813 veniat
579 2755 633 2812 sub
646 2759 754 2815 initium
771 2757 918 2832 Evangelii
933 2773 988 2834 per·

64 2838 206 2893 manendo
228 2836 368 2914 usquead
390 2839 485 2904 finem,
508 2845 614 2894 etcum
638 2838 775 2909 Boudart,
796 2858 851 2896 non
866 2840 989 2895 omittere

62 2926 169 2995 partem
184 2917 346 2989 notabilem,
367 2921 415 2996 qui
442 2920 522 2975 adest
534 2928 683 2995 antequem
698 2922 814 2996 incipiet
828 2919 884 2996 legi
901 2918 987 2977 Euan·

64 2998 178 3076 galium,
200 2998 241 3056 vol
251 2999 348 3056 saltem
360 2998 445 3075 juxte
458 3003 555 3068 varios,
577 3011 728 3078 antequam
742 3004 780 3058 sit
792 3000 911 3058 leolum.

104 3077 247 3136 Caetorbm
262 3099 303 3136 res
318 3078 457 3138 moraliter
480 3079 684 3139 consideranda
696 3092 738 3142 est
750 3085 864 3140 attentis
879 3101 985 3161 praeset-

62 3161 113 3218 rim
127 3160 170 3217 his
184 3160 289 3217 tribus:

108 3240 147 3296 1⁰·
164 3243 194 3299 ln
206 3241 331 3319 partibus
343 3241 439 3300 Missae
450 3242 579 3302 taxandis
589 3243 681 3322 quoad
693 3246 856 3322 gravitatem
867 3252 921 3302 aut
929 3252 988 3321 par·'

62 3324 177 3405 vitatem
193 3343 247 3380 non
263 3343 322 3381 esse
333 3324 449 3401 praeoieb
474 3323 705 3383 considerandam
719 3327 850 3403 temporis
864 3343 984 3395 moreau

63 3402 210 3463 sedetiam
226 3403 389 3481 dignitatem
404 3407 499 3484 partis,
520 3411 613 3463 utrrim
627 3408 664 3463 sit
675 3405 838 3478 essentialis,
858 3415 908 3465 aut
931 3424 986 3482 pro·

63 3487 125 3563 pitis
152 3484 187 3543 ad
211 3485 393 3546 substantiam
422 3485 516 3546 Misso
539 3489 689 3565 pertineet;
711 3486 786 3547 undo
813 3487 986 3564 potissimum
