2130 3990
419 232 461 277 nn
476 234 637 279 armano.
934 202 997 282 195

95 374 211 439 mem
232 376 317 439 modo
339 378 551 461 procedendum
569 389 620 450 est,
641 382 714 439 sient
726 381 756 440 in
770 380 992 461 praecedentibus

59 455 126 519 rium
143 457 267 520 mndata
279 459 434 535 dubitatum,
453 468 488 521 a'n
509 462 668 542 Baptismus
680 460 764 522 fuerit
776 461 918 523 fructuosi
930 485 992 525 sus·

59 548 166 621 eaptus.

100 718 216 789 Ν.“32.“
242 720 711 811 ou'lrulruaasrurraru
733 720 947 786 BAPTISMI.

282 909 320 969 Si
354 909 450 971 Thura.
472 917 570 990 putat.
590 910 639 972 66.
661 915 721 971 ort.
742 912 772 971 9.

71 1091 88 1151 1.
95 1090 270 1171 Baptismus
284 1098 329 1152 eet
343 1092 532 1168 insterstitia,
547 1093 588 1154 11.
605 1092 646 1155 Ut
655 1100 771 1154 constat
784 1116 822 1155 eo
832 1095 990 1174 Scriptura

99 1172 207 1234 Socra.
240 1175 299 1234 111.
323 1176 365 1234 Et
381 1174 561 1243 Trudite'one,
590 1174 645 1235 IV.
670 1175 713 1235 Ob
737 1179 836 1237 uarios
859 1182 991 1237 rationes

99 1259 318 1334 congruentia.
365 1290 368 1295 ·

97 1438 122 1497 Ι.
137 1437 191 1498 Ars
205 1438 368 1518 Baptismus
380 1446 424 1497 est
435 1437 619 1498 initembiiis?

96 1516 138 1579 R.
158 1516 349 1586 Affirmetive,
370 1528 398 1578 et
409 1518 467 1578 hoe
480 1528 522 1580 est
534 1519 569 1578 de
579 1517 655 1593 fida;
677 1521 718 1580 ita
738 1526 770 1580 ut
789 1520 877 1581 semel
894 1520 989 1582 aalide

57 1609 206 1681 mospius
219 1600 317 1661 illicite
332 1606 362 1658 et
373 1598 495 1660 invalidis
508 1604 606 1661 iterum
618 1608 779 1662 attentetur.

96 1678 140 1741 ll.
151 1680 296 1741 Probatur
306 1685 347 1740 1⁰·
361 1700 397 1739 ex
413 1682 559 1761 Scriptura
568 1683 664 1750 S'aera,
679 1690 712 1740 ut
724 1681 762 1741 ad
776 1678 867 1742 H'ehr.
882 1702 944 1762 eap.
958 1680 989 1745 6.

54 1782 83 1822 v.
95 1764 128 1822 4.
141 1771 172 1822 et
186 1761 215 1820 6.
239 1761 426 1840 Impossibile
438 1773 483 1822 est
495 1766 580 1832 enim,
596 1782 653 1833 eos,
669 1765 724 1844 qai
734 1762 826 1822 semel
836 1771 908 1823 sunt
920 1760 989 1823 illu·

54 1844 178 1905 orinuta'.
190 1853 232 1902 ,οἱ
240 1842 463 1923 prolapsi-sunt,
471 1861 576 1904 rursus
585 1847 716 1903 renouari
728 1845 769 1905 ad
779 1848 989 1924 penitentiam,

54 1936 177 1983 rursum
192 1926 401 2002 eruoffigentes
412 1922 601 2004 sibimetipse
614 1922 720 1984 tilium
738 1924 804 1984 Dei.
821 1926 898 1995 Quae
905 1926 988 1986 verba

55 2023 114 2065 non
128 2015 250 2086 possunt
261 2006 380 2085 intelligi
393 2005 429 2064 de
443 2004 626 2066 Sacramenta
641 2005 832 2076 Poeniteutiae,
848 2006 920 2085 quod
935 2008 989 2067 ite·

56 2086 146 2146 robiis
161 2095 221 2156 est;
242 2086 341 2147 sedda
356 2087 506 2165 Baptismo,
521 2091 566 2146 oui
581 2087 687 2168 optimi
702 2089 988 2148 conveniuntillurui·

58 2168 144 2241 natio,
164 2170 318 2242 renouatio,
338 2177 368 2226 et
380 2166 531 2246 subjuncta
543 2170 614 2228 ratio
628 2170 824 2228 crucifixionis.

106 2246 168 2308 nr.
185 2248 374 2308 asumuntur
383 2262 420 2305 ex
433 2248 581 2308 traditione
594 2269 599 2305 :
620 2259 704 2329 prout
717 2248 840 2310 declarat
849 2249 988 2309 unanimis

58 2327 400 2396 SS.Patrumaonseneus,
410 2339 542 2389 constans
552 2339 582 2389 et
591 2339 728 2411 perpetua
738 2330 874 2391 Ecclesiae
881 2329 988 2409 praxis,

59 2410 224 2471 so'iterat'ae
247 2411 431 2481 definitiones,
451 2414 594 2491 signanter
611 2414 641 2472 in
654 2410 794 2473 'Tridentss
814 2432 877 2472 sess.
900 2411 929 2473 7.
951 2413 988 2471 da

62 2486 195 2551 Sauram.
210 2496 243 2550 in
255 2504 373 2571 genere,
388 2511 451 2550 ean.
466 2494 494 2553 9.

97 2572 196 2650 Quare
211 2572 373 2653 Baptismus
386 2580 429 2631 eet
441 2572 624 2632 initerabilis?

110 2653 169 2713 lv.
193 2653 232 2714 R.
260 2652 372 2712 Efficax
394 2654 466 2713 ratio
479 2660 521 2713 ast
540 2653 646 2714 Christi
657 2654 785 2715 voluntas
799 2660 826 2713 et
839 2655 989 2727 institutio,

62 2734 135 2795 nobie
147 2733 325 2795 manifestata
337 2754 375 2793 ex
388 2754 471 2814 supra
483 2734 575 2794 dietis.

97 2814 196 2875 Varie
211 2827 305 2875 tamen
320 2818 339 2874 a
353 2815 382 2874 S.
396 2815 512 2875 Thema
524 2817 579 2875 h'oo
590 2816 652 2877 loeo
670 2818 699 2874 iu
728 2816 812 2892 Corp.
832 2814 987 2892 allegantur

64 2898 180 2969 rationes
193 2899 382 2975 congruentiae
396 2896 522 2957 fundatae
536 2899 565 2956 in
580 2899 642 2977 ipsa
655 2897 829 2956 Sacramenti
844 2894 985 2975 Baptismi

65 2988 170 3039 nemra.

97 3062 141 3117 1⁰·
153 3060 233 3130 Quia
247 3058 408 3139 Baptismus
421 3066 463 3119 est
470 3059 623 3140 spiritualis
632 3059 801 3137 regeneratio
812 3077 819 3114 ι
833 3056 907 3115 unde
917 3057 989 3117 siout

65 3144 141 3202 unica
154 3148 281 3221 respectu
296 3141 422 3220 ejusdem
436 3150 479 3200 est
500 3142 642 3221 generatio
662 3140 790 3214 carnalis,
809 3141 848 3199 ita
862 3149 891 3196 et
904 3139 987 3197 unica

66 3243 76 3281 s
91 3222 217 3284 irituaiis.

75 3242 140 3363 P20·
171 3303 249 3365 Quia
262 3302 420 3383 Baptismus
434 3312 478 3362 est
490 3301 578 3382 figura
594 3303 703 3372 Mortis,
717 3300 871 3380 Sepultura
885 3305 914 3358 et
927 3296 987 3358 lee-

66 3386 236 3447 surreetionis
251 3383 374 3455 Christi;
400 3385 524 3443 Christus
539 3393 632 3443 autem
643 3384 755 3445 tantrim
765 3381 849 3440 semei
859 3389 985 3440 mortuus

66 3473 110 3540 est,
124 3464 181 3526 &a
197 3484 270 3543 ergo,
287 3463 341 3525 &a
370 3464 457 3527 Unde
470 3484 555 3544 supra
568 3466 603 3523 ad
619 3464 708 3522 Hebr.
724 3484 786 3542 cap.
801 3460 828 3519 6.
853 3462 992 3542 Baptismi

67 3550 171 3607 iteratio
182 3549 289 3605 iteratae
304 3547 410 3605 Christi
423 3546 605 3606 crucifixioni
620 3557 804 3623 eomparatur.

98 3629 140 3686 3·-
155 3629 234 3706 Quia
247 3630 382 3707 imprimit
396 3628 583 3688 eharautarem
599 3627 770 3686 indelibilem
785 3646 850 3685 curn
865 3623 989 3706 quadam

67 3709 177 3772 hominis
191 3711 408 3769 consecratione.
