2130 3990
61 141 121 205 att
438 159 617 205 rracrsrna

64 308 177 365 nionem
217 303 388 364 Paschalem
413 304 600 366 distribuere:
621 306 729 367 etenim
750 324 804 386 pro
834 303 1000 366 contestans

64 385 201 465 speciales
214 394 279 445 sunt
292 388 421 458 rationes,
436 408 498 467 quae
513 388 701 447 noumilitant
714 407 767 466 pro
779 386 998 459 communione,

66 470 210 546 signanter
223 468 337 527 libertas
349 471 591 538 conscientiarum,
605 479 636 529 et
648 467 724 547 quiid
738 467 853 528 facilius
863 488 962 527 omues
972 469 997 530 dr

67 569 155 607 rnanu
170 548 292 607 Perochi
305 558 356 608 aut
369 549 428 628 ejus
441 549 561 629 delegati
572 554 679 632 possint
692 552 918 624 communicare,
925 553 995 629 quar

68 629 162 689 eidem
177 649 275 688 omnes
289 630 422 690 confiteri.

111 709 302 770 conformiter
314 710 350 770 ad
370 712 473 771 decret.
488 712 600 792 Synndi
615 711 641 769 Ι.
656 708 738 771 Pron.
772 708 891 771 Mechl.
918 713 994 773 title

72 792 278 862 &crocitantis
294 813 357 872 cap.
370 794 402 852 d.
413 793 582 862 observatur,
597 794 751 872 presertim
761 792 792 851 in
806 791 951 853 Paroehiis
960 814 993 852 nr·

70 873 183 943 nulibus,
204 875 299 952 utqui
312 873 393 933 alteri
407 876 494 953 quam
517 876 626 935 Pastori
637 871 760 935 confessi
783 880 862 946 sunt,
884 872 995 935 adierant

70 966 196 1032 ternpore
210 952 341 1013 Paschali
356 958 546 1015 testimouium
568 967 620 1015 seta
647 954 796 1015 scedulam
819 953 993 1015 confessionis.

72 1033 151 1093 Vide
167 1036 194 1091 N
199 1055 257 1092 um.
280 1037 347 1095 164.
363 1037 399 1095 de
411 1037 596 1097 Poenltentic.

114 1115 241 1176 Ubinam
255 1116 425 1177 Communio
439 1116 585 1178 Paschalis
598 1125 641 1177 ost
654 1113 794 1177 sumenda
808 1114 823 1173 ἲ

116 1197 156 1255 R.
178 1197 314 1258 Absolute
324 1217 379 1258 non
395 1196 478 1259 debet
490 1202 594 1281 suscipi
620 1201 648 1257 in
673 1195 995 1268 manturianensis
1018 1254 1020 1265 ,

75 1278 232 1336 cumnxtra
241 1279 320 1337 illam
335 1278 599 1357 possitPaslorenm
609 1300 659 1339 suo
672 1276 788 1336 subdito
798 1277 996 1349 administram

75 1360 142 1439 quia
154 1366 247 1418 tamen
261 1359 292 1419 id
305 1357 365 1421 fieri
392 1363 439 1419 vix
456 1361 539 1430 solet,
559 1360 625 1423 ideo
645 1361 802 1438 generatim
831 1358 891 1417 dici
914 1368 996 1437 potest

75 1441 314 1500 Communionem
330 1440 498 1503 Paschalem
514 1441 675 1503 faciendam
687 1459 748 1499 esse
761 1443 790 1498 in
806 1438 998 1499 Paroahiareu

75 1518 204 1579 Ecclesia
216 1523 383 1584 Perochinli.

117 1600 202 1662 Unde
216 1607 265 1682 qui
278 1625 304 1663 v.
318 1623 346 1681 g.
360 1604 437 1685 apud
456 1605 612 1682 Religinsos
630 1603 869 1674 communicaret,
890 1601 958 1661 licet
977 1604 1000 1660 in

77 1681 222 1758 quindena
249 1685 391 1758 Paschali,
421 1706 478 1744 non
504 1685 674 1745 satisfaceret
696 1691 837 1763 precepto
870 1683 1001 1744 Ecclesia.

77 1762 122 1822 lta
135 1766 221 1823 etiruu
236 1764 389 1827 declaravit
402 1769 432 1826 S.
449 1768 636 1846 Congregatio
650 1785 725 1825 anno
741 1762 831 1823 1638.

119 1847 164 1902 An
179 1846 362 1917 satisfaceret,
384 1849 433 1928 qui
447 1850 637 1909 eommunicet
655 1849 687 1906 in
710 1843 842 1904 Ecclesia
871 1842 1003 1922 Metropo-

75 1925 167 1983 litana
180 1936 229 1985 aut
243 1927 419 2001 cathedrali,
438 1946 499 2006 quaa
513 1950 569 1988 non
585 1938 628 1988 est
646 1927 706 2006 ejus
720 1928 835 2005 propriu
851 1924 1004 1983 Paroclria?

124 2007 160 2073 tt,
183 2011 329 2069 Sententia
341 2012 473 2089 negativa
486 2009 612 2088 practice
625 2019 700 2068 certa
713 2006 820 2066 videtur
835 2027 841 2061 ε
866 2015 927 2064 turn
941 2005 1007 2084 qudd

77 2091 193 2147 nomine
208 2091 356 2150 Parochiae
370 2092 543 2166 intelligatur
555 2089 693 2150 Parnchia
700 2091 857 2164 unicuique
865 2089 1007 2166 respective

78 2173 193 2248 propria,
214 2182 275 2232 tum
288 2172 367 2253 quod
379 2173 500 2252 alioquin
514 2192 571 2232 non
584 2175 649 2232 satis
663 2170 883 2251 dignosceretur,
901 2172 1007 2248 quinem

80 2264 254 2331 praeceptum
268 2255 462 2332 adimpleant3
484 2265 544 2312 tum
565 2253 687 2332 denique
706 2253 771 2328 quia
794 2270 863 2308 usus
887 2261 929 2307 est
950 2270 1006 2307 con·

79 2335 191 2393 trarius.

122 2418 167 2471 An
183 2424 212 2473 et
237 2418 353 2494 quinam
367 2420 528 2477 eximuntur
542 2415 577 2474 ab
591 2414 759 2493 obligatione
787 2411 1007 2472 communicandi

76 2497 108 2552 -iu
126 2494 253 2555 Ecclesia
269 2498 449 2558 parochiali?

123 2577 180 2635 ΙΙΙ.
198 2579 236 2637 R.
260 2580 300 2637 1⁰·
322 2580 368 2637 Ex
384 2579 584 2639 consuetudine
600 2575 737 2636 satisfacit
759 2573 900 2634 Sacerdos
928 2573 1007 2630 ulriris

80 2659 250 2719 celebrando
263 2663 336 2720 intra
350 2662 539 2739 quindenam:
561 2659 708 2719 observant
721 2668 813 2716 tamen
828 2655 929 2731 aliqui,
942 2652 1006 2731 qudd

82 2738 231 2815 Sacerdos,
252 2745 300 2821 qui
313 2762 367 2801 non
380 2742 501 2802 intendit
514 2741 655 2801 celebrare
664 2749 724 2800 toto
737 2750 862 2816 tempore
875 2733 1005 2800 Paschali,

82 2834 208 2881 teneatur
221 2828 469 2882 communicarem
482 2823 611 2883 Ecclesia
625 2818 797 2878 Perochiali.

124 2902 168 2957 2⁰·
190 2905 301 2963 Omnes
319 2905 465 2984 Religiosi,
485 2905 590 2983 quibus,
611 2903 710 2960 sufficit
730 2901 855 2979 recipere
882 2898 1004 2956 Coramr·

83 2986 196 3044 aionem
212 2987 379 3046 Paschulem
400 2988 428 3044 in
443 2989 500 3045 suis
512 2985 648 3045 Ecclesiis
657 3007 665 3055 ;
687 2981 738 3043 sub
750 2981 907 3071 Rtllsiffiis
922 2988 1004 3036 auen

80 3067 353 3145 ‹ronnprclreuduntur
371 3067 488 3129 Neritii.
753 3048 773 3157 ¹9
798 3130 800 3135 ,

124 3149 203 3207 Idem
216 3149 307 3229 plures
320 3149 417 3208 dicunt
430 3149 467 3206 de
484 3148 691 3226 Religiosorum
705 3118 820 3203 iamdiis
834 3150 866 3200 et
876 3159 1005 3201 commen·

82 3231 204 3302 salibus;
225 3232 273 3293 sed
292 3229 463 3291 attendenda
476 3240 518 3288 est
530 3231 668 3287 variorum
682 3227 808 3285 locorum
822 3220 1006 3281 consuetudo:

84 3314 336 3387 quincontrarium
361 3312 528 3390 prescripsit
555 3307 686 3388 Synodus
716 3304 939 3365 Buscoducensis
965 3303 1007 3361 rel

86 3393 191 3468 illasio,
207 3396 248 3454 tit.
265 3396 291 3453 7.
309 3415 370 3472 cup.
402 3392 448 3451 17.
463 3402 491 3450 et
505 3390 627 3448 Sanctus
656 3386 774 3446 Carolus
790 3386 1008 3446 Beneuenta

87 3475 174 3534 (lonc.
189 3475 218 3533 5.
242 3475 456 3553 Mediolanensi,
471 3481 542 3553 part.
559 3475 586 3532 1.
602 3492 665 3553 cap.
680 3469 708 3529 9.
894 3467 898 3475 “
