2130 3990
230 177 272 220 ua
294 176 509 225 nucunsrscm.
790 160 851 223 815

42 331 55 382 ¹..
66 323 111 381 20·
135 321 193 401 Ipsi
206 324 235 381 in
250 322 307 382 alio
321 323 383 382 loco
398 321 492 382 danda
506 329 549 381 est
563 322 732 382 Communio
745 324 769 382 si
783 330 849 383 nota

42 404 176 463 sumenda
197 407 232 463 sit
257 403 318 482 ejus
339 407 487 476 conversio,
507 405 694 483 prasertlmsi
707 402 785 463 lama
799 407 850 465 cri-

42 492 106 544 ntea
125 486 266 544 commissi
290 505 345 544 non
367 485 494 544 videatur
514 483 597 545 facile
618 488 652 543 ed
665 491 847 565 perventura:

44 567 84 624 im
104 574 285 644 presumatur
297 567 422 644 legitime
437 564 585 639 coufessus,
606 587 662 624 nou
677 575 768 646 potest
781 565 849 625 alibi

42 655 172 725 tanquam
186 645 317 724 indignus
331 650 361 705 iu
384 649 493 706 ratione
507 649 674 726 peccatoris;
696 666 750 706 nac
763 650 850 707 etium

42 747 71 786 re
81 727 214 796 scandali,
237 733 301 786 crim
314 727 374 788 illic
387 727 496 787 nullum
510 727 625 787 dederit.

42 811 176 889 peccatori
202 809 317 888 publico
341 807 440 868 danda
452 816 494 869 est
508 809 677 868 Communic
689 809 720 867 in
733 809 851 869 articulo

42 971 72 1030 li.
90 970 131 1030 10·
161 971 305 1029 Peccatori
333 969 444 1050 publico
470 969 660 1046 impoenitenti
671 971 757 1031 etiam
781 975 850 1031 tunc

65 1072 90 1110 v.
114 1070 140 1128 g.
155 1050 268 1131 publico
282 1052 458 1125 Jauseuistae,
479 1053 596 1129 quinon
617 1051 676 1109 vult
689 1071 792 1109 errores
806 1071 849 1109 re-

59 1134 185 1193 similiter
212 1133 300 1191 etiam
328 1134 469 1212 peccatori
481 1131 593 1191 occulto
606 1131 717 1193 occurre
730 1135 849 1212 petenti,

54 1214 140 1293 quim
153 1234 191 1273 ex
212 1213 394 1273 confessione
408 1223 486 1272 noto.

42 1294 68 1355 l.
82 1294 126 1351 2⁰·
139 1294 187 1354 Ad
201 1302 376 1374 peccatorem
399 1293 545 1373 poblicum
572 1295 764 1372 poenitentem,
784 1293 853 1352 licet

42 1375 191 1435 notissime
217 1377 254 1437 sit
267 1374 416 1441 confessus,
439 1374 583 1433 Viaticum
608 1394 661 1433 nec
675 1373 786 1454 publicis
801 1374 850 1432 de·

42 1476 71 1515 ec
94 1457 154 1516 dari
175 1455 266 1524 debet,
288 1458 342 1515 nisi
362 1457 483 1535 publicae
506 1455 653 1521 offensioni
666 1455 851 1515 satisfecerit:

42 1538 93 1597 mle
106 1536 269 1597 Romanum
283 1538 365 1596 titulo
379 1540 414 1596 de
442 1536 647 1595 Communione
660 1537 859 1612 irfirmorumt

42 1628 131 1677 muron
145 1618 255 1677 occulte
268 1617 304 1677 ad
317 1639 381 1677 cum
395 1617 492 1676 deferri
505 1626 535 1677 et
547 1617 658 1678 occulte
670 1619 725 1696 ipsi
738 1616 808 1690 dart,
826 1617 852 1677 si

42 1699 98 1757 ‚bns
113 1710 181 1758 nota
194 1702 230 1758 sit
244 1699 305 1778 ejus
319 1700 470 1758 conversio.

43 1784 104 1839 orrri
125 1779 216 1859 quoad
240 1783 442 1860 reparationem
463 1776 588 1836 scandali
601 1777 694 1837 minus
709 1785 752 1838 est
765 1797 850 1856 agens

42 1882 80 1919 rm
102 1861 284 1935 moribundis,
305 1864 392 1940 quim
406 1879 471 1919 cum
485 1863 577 1917 sanis:
597 1878 665 1917 nam
678 1859 755 1938 quod
769 1860 852 1919 detur

42 1963 67 2000 m
95 1941 196 2000 talibus
224 1942 395 2002 moribundis
417 1940 562 2012 confessis,
582 1941 675 1999 minus
695 1949 796 2001 uatum
809 1951 853 2000 est

42 2031 129 2092 lzaro;
152 2029 216 2082 cnm
240 2023 360 2102 quilibet
381 2021 472 2082 fidelis
486 2021 697 2100 praesumeudus
710 2023 746 2082 sit
759 2025 788 2081 in
801 2022 851 2080 illo

50 2103 153 2174 fucere,
173 2105 247 2182 qnod
263 2115 360 2183 potest,
377 2111 408 2160 ut
419 2123 479 2171 sese
493 2102 565 2160 bene
579 2102 717 2181 disponat.
759 2109 851 2162 Acce·

42 2183 51 2243 l
64 2184 134 2244 dure
150 2184 259 2263 agendo
269 2206 332 2244 curn
344 2184 515 2243 moribundis
530 2185 683 2262 periculum
694 2185 777 2262 lieret
789 2183 852 2242 des·

42 2268 83 2338 ris,
105 2262 161 2325 doc.
186 2265 262 2325 unde
275 2269 298 2326 si
311 2287 405 2326 coram
422 2265 550 2324 Perocho
572 2273 601 2325 et
613 2265 721 2343 aliquot
733 2264 854 2335 territus

60 2355 159 2426 petent
185 2347 221 2405 de
248 2347 388 2416 scandolo,
411 2343 466 2405 duc.
495 2364 569 2423 saepe
595 2347 696 2424 poterit
709 2347 850 2409 sufficere:

42 2436 159 2487 ttamen
176 2426 223 2506 (ut
236 2439 315 2488 notat
329 2427 475 2505 Pauwels)
490 2429 514 2485 si
534 2447 590 2485 non
604 2428 728 2505 exigere,
748 2427 849 2486 saltem

42 2507 162 2582 rducere,
183 2519 213 2568 ut
237 2512 414 2568 consentiant
441 2528 465 2566 v.
479 2527 506 2584 g.
521 2507 639 2586 publicae
652 2511 809 2567 meretrices
821 2509 851 2566 in

42 2609 84 2648 em
99 2594 184 2661 venie
208 2610 259 2671 per
275 2592 421 2652 Pastorem
442 2609 480 2650 ex
493 2597 624 2668 suggestu
636 2608 687 2668 pro
700 2591 766 2669 ipsis
779 2607 853 2669 prae·

42 2690 61 2732 r.
