2130 3990
344 188 387 231 on
403 186 619 231 recusassem.
887 168 947 232 ³51.

42 335 118 393 anis:
140 333 190 393 ubi
203 338 297 391 autem
312 333 347 391 de
361 334 415 392 hoc
430 332 582 398 dubitatur,
597 329 758 411 prudentias
774 332 897 393 Pastoris
910 345 954 394 est

42 414 85 473 ud
102 418 238 494 experiri,
260 415 359 491 praevld
372 414 524 494 proebendo
538 413 606 492 quid
619 413 702 483 aliud,
725 434 754 474 v.
769 428 797 495 g.
814 415 950 475 Hostiam

42 516 70 553 sn
85 505 292 555 consecratam.

54 576 148 636 Nihil
169 586 263 635 autom
278 576 397 655 periculi
413 574 468 653 (ait
481 574 600 650 Scaille)
616 573 722 634 videtur
735 575 848 635 subesse
863 579 951 638 isoio

42 656 148 735 ugultu
176 660 318 730 continuo,
339 677 391 714 nec
418 657 437 713 a
462 659 680 714 sternutatione:
703 657 770 714 cum
798 679 852 716 non
866 659 955 718 soleat

42 757 81 795 sa
95 740 140 797 ita
153 740 294 808 continua,
318 739 385 817 quin
399 738 536 816 relinquat
550 738 643 796 locum
658 736 889 798 administrationi
905 740 954 798 de-

41 821 108 878 anti.

56 898 103 959 X.
119 898 217 976 Pergit
229 896 391 959 Pastorale:
413 903 433 933 “
447 897 532 969 Qndd
546 900 630 956 sitnm
645 896 770 971 demum,
785 898 900 977 quando
915 901 953 960 ad

41 988 155 1059 grotum
183 991 296 1039 rentum
322 987 372 1048 est,
407 981 586 1056 intelligatur,
614 978 671 1038 tale
698 979 775 1058 quod
801 980 956 1059 periculum

41 1080 95 1133 sse,
116 1061 263 1134 doceatur,
283 1060 426 1140 quomodo
452 1060 635 1139 spiritualiter
661 1059 731 1118 illud
746 1080 867 1129 sumere,
882 1062 955 1141 ejas-

41 1162 79 1202 ue
91 1142 330 1223 praestantissimos
343 1141 460 1201 effectus
485 1144 613 1220 accipere
634 1144 730 1219 possit,
751 1150 781 1200 et
792 1152 859 1200 tuno
872 1143 955 1203 exhi·

41 1232 124 1283 eatur
137 1228 162 1282 ei
176 1222 360 1294 adorandum,
381 1223 433 1282 sed
446 1243 501 1281 non
517 1223 602 1279 detur
614 1221 651 1280 ad
664 1222 859 1283 osculandum.

61 1302 124 1364 xl.
139 1306 185 1363 Ex
202 1325 257 1384 quo
272 1304 394 1376 observa,
415 1303 501 1381 quod,
520 1302 588 1361 licet
611 1302 698 1380 juxta
712 1302 776 1362 haec
790 1304 872 1362 verba
886 1305 954 1365 Pas·

41 1384 118 1446 >nis
125 1384 181 1444 hoc
189 1385 400 1444 Sacramentum
408 1385 470 1462 jam
481 1385 604 1442 delatum
614 1383 744 1442 exhiberi
755 1386 956 1462 possitinfirmo

41 1467 60 1526 d
81 1466 269 1533 adorandum,
292 1465 359 1524 dum
384 1469 490 1523 ratione
502 1463 696 1542 impedimenti
711 1485 764 1523 non
782 1476 872 1544 potest
885 1466 956 1526 illud

40 1567 155 1620 umere3
182 1569 237 1606 non
253 1548 341 1628 possit
355 1557 449 1604 tanren
464 1546 500 1605 ad
516 1546 592 1603 hunc
605 1545 691 1604 finem
707 1544 808 1604 deferri
822 1547 859 1605 ad
873 1547 958 1606 talem

40 1638 171 1709 agrotum.

63 1709 143 1780 Quid
159 1713 182 1769 si
196 1708 318 1769 infirmus
328 1705 445 1767 Sacram
462 1707 592 1766 Hostiam
603 1709 735 1766 evomat?

61 1788 137 1849 XII.
165 1792 203 1850 R.
229 1789 417 1848 Conformiter
441 1788 476 1846 ad
504 1789 621 1846 Missale
647 1789 731 1847 Rom.
747 1788 782 1846 de
797 1789 957 1864 defectibus

40 1868 141 1941 illesa,
158 1876 199 1931 tit.
219 1872 265 1929 10.
281 1890 357 1929 num.
373 1869 418 1929 14.
435 1872 458 1927 si
468 1873 574 1948 species
585 1880 737 1948 appareant
747 1873 870 1948 integra,
885 1893 962 1930 reve·

40 1963 120 2012 enter
133 1953 311 2032 accipiantur,
328 1961 355 2009 et
369 1960 468 2029 postea
479 1959 625 2009 sumantur
639 1975 646 2020 ς
664 1951 687 2008 si
701 1951 835 2010 autemid
852 1974 960 2013 nausea

40 2042 109 2107 etet,
128 2041 195 2093 tuuc
218 2033 299 2090 caute
322 2042 487 2110 separentur
514 2034 531 2089 a
553 2031 691 2104 sordibus,
712 2040 740 2090 et
766 2032 805 2091 ita
818 2035 846 2090 in
862 2034 958 2112 aliquo

40 2134 84 2173 >co
109 2135 189 2173 sacro
204 2127 379 2193 reponantur,
402 2121 431 2170 et
452 2122 597 2192 postquam
613 2124 748 2191 corrupta
762 2111 874 2186 fuerint,
895 2118 959 2173 mit·

40 2203 122 2254 antur
134 2199 164 2255 in
178 2197 325 2253 sacrarium
341 2214 389 2252 seu
406 2196 542 2271 piscinam
555 2213 680 2265 sacram;
703 2197 806 2252 etenim
822 2197 892 2253 citra
905 2197 959 2254 Sa·

40 2278 171 2356 rilegium
196 2279 310 2355 species,
332 2295 417 2355 quam
441 2275 491 2334 diu
517 2278 628 2353 integrae
656 2282 732 2342 sunt,
758 2275 882 2334 comburi
902 2296 958 2335 non

39 2367 151 2417 essent.

62 2438 205 2497 Similiter
214 2436 384 2507 iaciendum,
401 2438 423 2495 si
442 2433 716 2516 quomodocumque,
738 2438 794 2496 sive
808 2456 860 2516 per
873 2437 961 2516 negli-

40 2522 165 2593 entiam‚
186 2521 241 2577 sive
254 2521 311 2578 alis
326 2520 482 2591 occasione,
500 2518 605 2596 species
628 2517 803 2596 ‘reperiantur
816 2526 962 2598 corruptaess

64 2604 210 2660 Stantem
239 2602 268 2659 in
283 2619 347 2658 casu
363 2602 468 2678 species
489 2617 545 2656 non
561 2606 724 2677 appareant,
745 2606 880 2658 ettamen
895 2603 964 2658 veri·

39 2684 118 2742 imile
141 2684 185 2752 sit,
205 2680 265 2738 illas
290 2679 414 2738 nondum
437 2699 496 2737 esse
511 2689 652 2757 corruptas
667 2679 702 2736 ob
716 2679 800 2736 breve
825 2681 960 2760 temporis

39 2767 160 2844 patium,
181 2762 256 2836 quod
270 2764 440 2831 intercessit;
463 2768 529 2818 tunc
546 2779 589 2817 res
603 2761 642 2817 sic
656 2762 775 2816 evomita
790 2758 873 2818 debet
885 2781 963 2819 com·

39 2846 102 2912 turi,
117 2853 148 2902 et
160 2846 266 2901 cineres
283 2842 354 2900 mitti
368 2845 396 2900 in
411 2843 562 2898 sacrarium
575 2842 621 2900 vel
634 2840 721 2898 alium
732 2840 825 2899 locum
840 2861 962 2916 sacrum,

39 2949 49 2984 ¹.
65 2946 96 3005 g.
109 2934 187 2982 terras
201 2923 329 2982 mandari
345 2925 372 2980 in
388 2923 558 2980 coemeterio.

65 3006 146 3077 Quid
157 3008 190 3074 si,
212 3013 323 3083 sumpto
340 3004 461 3073 Viatico,
481 3004 605 3058 infirmus
618 3004 710 3060 statim
726 3002 881 3060 moriatur?

69 3086 160 3145 XIlI.
181 3084 221 3144 R.
235 3085 266 3144 Si
280 3086 368 3144 Sacra
381 3083 485 3141 Hostia
499 3103 553 3140 non
568 3084 737 3161 appareatin
753 3081 814 3160 ejus
829 3103 885 3154 ore,
900 3092 966 3144 tunc

39 3176 71 3227 ta
96 3166 299 3245 relinquendus
323 3174 368 3223 est
391 3164 548 3237 defunctus,
570 3165 745 3242 quantumvis
765 3166 910 3238 nesciatur,
931 3186 968 3225 an

38 3269 97 3308 eam
127 3248 303 3326 deglutierit:
325 3249 349 3305 si
376 3248 439 3304 verd
465 3253 600 3322 appareat
613 3246 641 3300 in
658 3264 711 3311 ore,
735 3244 861 3302 modeste
876 3256 972 3304 extra·

38 3331 128 3397 hatur,
151 3339 181 3386 et
194 3334 350 3386 reverenter
360 3333 495 3391 servetur,
517 3323 607 3382 donec
621 3327 725 3402 species
735 3335 970 3404 corrumpantur:

38 3421 63 3471 at
75 3419 146 3469 tunc
159 3409 219 3476 fiat,
248 3418 280 3466 ut
294 3426 363 3466 mox
378 3407 484 3464 dictum
499 3415 541 3462 est
555 3406 590 3462 de
605 3404 709 3463 Hostia
723 3408 849 3462 evomita.

74 3490 167 3569 Cujus
179 3490 301 3548 officium
318 3498 361 3545 est
373 3486 490 3546 infirmis
512 3485 620 3544 deferre
637 3483 872 3544 Eucharistiam?
1006 3492 1021 3603 p

73 3572 161 3632 xlv.
173 3571 212 3630 R.
231 3571 282 3629 Est
295 3567 421 3627 officium
435 3566 567 3634 Parcchi,
590 3574 623 3625 ut
638 3568 808 3625 insinuatum
823 3576 867 3625 est
882 3568 975 3629 Num.

38 3652 84 3715 30.
100 3655 151 3735 qui
165 3661 311 3734 propterea
325 3651 403 3711 omni
416 3656 543 3786 tempore
555 3646 592 3707 ad
608 3646 662 3707 hoc
676 3645 760 3708 debet
777 3668 837 3708 esse
851 3659 980 3729 paratus.

508 3745 528 3787 c

1010 3829 1020 3869 r
