2130 3990
285 214 328 259 nu
348 212 564 265 menenensis
583 214 617 258 ru
642 215 779 260 cennas.
964 199 1005 261 73

63 369 96 422 at
109 360 231 423 formam
245 363 338 442 reipsa
349 361 434 421 simul
447 359 546 421 debere
560 361 711 442 coujungi;
732 361 773 419 ita
793 368 827 421 ut
843 361 927 424 simol
938 383 1000 423 ma-

64 446 140 503 teria
153 442 309 523 applicetur
322 452 353 502 et
364 440 454 502 forma
470 440 640 515 prolatatum
662 455 712 502 aut
732 461 789 500 non
810 440 888 521 priris
909 446 1000 525 appli-

65 526 143 583 catio
157 527 280 584 materia
293 525 415 592 liniatur,
431 525 515 602 quam
529 523 621 583 forma
633 522 789 594 inchoetur,
798 522 872 598 vele
888 535 1000 585 contra:

52 603 145 664 unde
155 603 195 664 ad
206 603 261 665 hoc
273 612 396 665 attentus
408 605 443 665 ait
456 604 605 669 Minister:
633 610 661 666 et
675 606 715 663 sic
729 604 847 665 Billuart
859 604 878 662 a
891 605 1001 667 mortali

67 705 123 746 nou
138 694 260 745 excusat
269 685 358 759 illum,
367 685 416 764 qui
430 685 600 764 baptizando
613 706 639 744 v.
653 703 682 762 g.
696 692 808 764 partem
831 686 931 747 saltem
944 684 1000 747 lor-

66 784 120 827 mae
135 786 192 826 nou
205 767 399 845 pronuntiaret
416 774 481 826 ante
494 764 603 828 finitam
622 765 802 825 ablutionem.

53 898 56 904 .
107 845 159 906 Sic
172 848 262 908 etiam
275 847 400 928 practice
414 847 444 906 in
458 847 645 908 Sacramentis
665 846 842 909 Paenitentia
856 852 885 908 et
899 845 1001 911 Matri·

67 929 158 987 monii
173 931 316 1003 convenit,
334 937 368 988 ut
380 931 498 987 materie
522 933 552 988 et
566 926 658 988 forma
670 929 764 991 statim
779 927 1000 1008 conjungentem

66 1008 116 1068 nbi
130 1008 245 1071 scilicet
258 1008 371 1072 aliunde
382 1008 453 1069 nihil
467 1008 555 1070 obest.

66 1211 106 1279 N.
138 1212 167 1273 7.
212 1211 272 1281 DE
294 1210 691 1355 UETERidiildONE
714 1209 921 1274 MATERIAE
944 1212 1001 1274 ΕΤ

176 1440 184 1467 ⁸
286 1474 316 1535 S.
332 1474 535 1556 Thomquaeet.
552 1477 696 1538 toarno
711 1477 781 1539 etl.
851 1527 855 1534 .

67 1660 90 1719 1.
110 1660 250 1720 caristus
262 1661 466 1718 determinavit
478 1635 612 1719 materias
625 1665 654 1718 et
655 1659 784 1736 sermea
827 1659 867 1722 ll.
884 1660 953 1722 Non
970 1666 1001 1724 in

108 1741 278 1801 individuo.
321 1738 378 1799 111.
402 1739 465 1798 Sed
475 1738 632 1818 plerosque
646 1743 676 1800 in
690 1745 797 1818 specie.
839 1741 892 1804 IV.
915 1744 959 1804 Et
970 1749 1001 1804 in

107 1822 303 1883 Sacramenta
323 1818 443 1885 Ordinis
456 1824 571 1887 tantam
584 1824 614 1881 in
628 1841 747 1900 genere.

105 1989 157 2046 Ani
174 1984 306 2045 Christus
320 1981 489 2042 instituendo
503 1983 687 2046 Sacramenta
703 1983 793 2044 Novae
809 1984 894 2064 Legis
907 1985 996 2046 deter-

68 2068 188 2132 minavit
200 2085 297 2124 eorum
311 2066 441 2123 materias
455 2074 484 2122 et
497 2063 597 2124 formas
610 2064 621 2121 ,Ρ

104 2149 130 2207 Ι.
154 2146 197 2206 R.
219 2144 415 2217 Affirmative3
437 2145 467 2204 id
477 2153 569 2204 autem
585 2150 645 2204 erat
658 2148 834 2215 conveniam,
856 2156 918 2206 tum
937 2148 1003 2228 quia

66 2238 108 2288 est
121 2227 240 2288 Author
252 2227 495 2294 Sacramentomm
507 2233 536 2284 et
550 2226 643 2304 Caput
656 2226 798 2297 Ecclesia,
814 2237 875 2286 tum
891 2238 1004 2306 propter

68 2309 176 2372 lionam
194 2307 339 2381 Ecclesia,
353 2326 455 2387 nempe
469 2307 507 2366 ad
525 2306 584 2385 ejus
598 2307 817 2369 uniformitatem
831 2316 860 2367 et
875 2308 1002 2369 Catholi-

20 2454 22 2461 ,
66 2389 360 2468 citatissignaculum,
421 2396 423 2401 '

105 2468 142 2528 ld
156 2481 255 2528 autem
273 2469 377 2529 factum
392 2489 461 2536 esse,
474 2475 584 2528 constet
594 2471 692 2548 partim
708 2486 745 2526 ex
760 2469 903 2548 Scriptura
916 2491 1002 2534 sacra,

66 2553 172 2631 partim
198 2559 229 2610 et
248 2552 424 2629 potissimum
445 2571 481 2608 ex
503 2549 669 2610 Traditione
686 2549 790 2623 divina,
813 2571 898 2630 quam
924 2553 1003 2612 nobis

66 2632 236 2691 manifestat
249 2639 277 2690 et
289 2631 414 2710 explicat
429 2631 565 2691 Ecclesia.

107 2712 264 2783 Quomodo
276 2712 404 2771 Christus
419 2711 612 2771 determinavit
626 2715 756 2771 materias
771 2721 800 2770 et
813 2711 937 2771 formas?

54 2837 59 2845 .
106 2793 147 2852 ll.
161 2794 202 2853 R.
213 2793 355 2872 Imprimis
370 2802 477 2851 certum
491 2802 541 2865 est,
555 2793 630 2872 quod
645 2815 700 2852 non
709 2793 932 2854 determinaverit
942 2814 1001 2853 ma-

67 2877 150 2934 teriae
168 2880 200 2934 c'n
216 2876 368 2933 individuo
379 2899 389 2932 .·
410 2877 479 2954 quia
493 2895 515 2933 v.
527 2895 554 2951 g.
570 2877 597 2931 in
617 2875 760 2953 Baptismo
774 2873 846 2933 nihil
860 2872 948 2944 relert,
966 2898 1001 2934 au

69 2977 139 3035 aqua
155 2960 194 3015 sit
207 2954 345 3035 pluvialis,
367 2957 543 3027 aulonitana,
565 2954 649 3012 modo
659 2959 695 3013 sit
709 2956 851 3023 naturalia,
875 2966 943 3034 apta
967 2958 1004 3015 ad

68 3036 260 3109 abluendum3
283 3035 356 3094 idem
375 3039 462 3095 etiam
482 3046 587 3093 certum
603 3045 646 3093 est
659 3036 693 3093 de
707 3036 811 3109 formis,
832 3037 939 3095 scilicet
953 3036 1002 3095 de-

69 3121 223 3177 terminata
234 3138 290 3176 nou
299 3137 358 3176 essa
369 3118 452 3176 verba
460 3117 637 3177 materialiter
645 3117 796 3187 individua,
808 3116 853 3176 vel
862 3117 1004 3176 idiomatis

68 3199 259 3258 determinati.

105 3280 163 3337 ΙΙΙ.
187 3279 230 3336 2⁰.
253 3281 379 3350 Constat,
392 3279 535 3340 Christum
550 3300 597 3338 eas
611 3278 808 3337 determinasse
823 3281 854 3335 in
868 3281 1003 3354 spectem

70 3362 261 3420 §aeramentis
277 3360 422 3440 Baptismi,
440 3361 631 3438 Eucharistiae,
644 3362 828 3427 Poenitentiae,
847 3359 1005 3417 Extrema-

70 3442 222 3503 Unctionis
237 3450 265 3500 et
285 3443 479 3501 Matrimonii:
501 3443 561 3509 hac
580 3450 674 3500 tamen
690 3441 895 3511 determinatio,
916 3461 1004 3518 quau-

69 3526 128 3582 tdm
144 3534 244 3583 estex
260 3535 449 3602 partererum,
472 3527 572 3583 arctior
592 3525 673 3581 estin
690 3541 753 3590 unu,
776 3524 860 3599 quam
874 3522 901 3579 in
917 3522 1005 3580 altero

69 3606 267 3676 Sacramenta,
311 3613 345 3665 ut
375 3605 483 3683 patebit
513 3607 641 3665 materias
674 3601 842 3681 singulorum
879 3602 1005 3661 conside·

67 3690 148 3750 anti.

106 3767 190 3829 Idem
206 3771 292 3831 etiam
307 3767 413 3830 videtur
423 3768 459 3830 de
472 3769 657 3847 Sacramenta
670 3765 907 3828 Confirmatiouis.
