2130 3990
374 174 416 218 nn
435 172 682 217 russeum-rous.
738 200 741 205 .
960 157 1002 227 46

79 400 121 458 N.
137 398 190 458 27.
213 399 271 458 DE
293 398 542 472 QUALITA'I'E
561 397 726 461 CULTUS
748 397 1001 466 IMAG1NUM..

314 559 345 620 S.
363 559 461 620 Thom.
477 566 572 639 quest.
586 561 634 619 2⁶.
655 567 714 620 nrt.
727 559 756 619 3.

64 722 91 780 1.
115 721 283 800 Imagines.
327 719 370 780 11.
387 720 542 788 Quatenus
551 723 695 798 imagines
705 722 896 785 honorentur.
937 723 998 785 111.

105 803 222 864 Eodem
236 800 319 864 cultu
333 820 391 882 quo
396 810 583 882 prototypon,
603 803 657 862 sed
675 806 845 881 respective.
880 802 934 863 IV.
953 803 998 862 De

109 881 304 962 Imaginibus
331 882 527 944 miraculosis.
573 882 612 942 V.
637 883 770 944 Cavenda
783 888 955 961 superstitio
969 890 998 947 et

108 971 210 1046 turpis
224 974 362 1044 questus.

110 1127 135 1184 1.
150 1127 223 1198 Quo
238 1127 314 1186 cuttu
337 1125 498 1191 venerenda
521 1125 734 1203 sunt-imegines
747 1123 850 1187 Christi
864 1128 996 1195 etSnnc·

68 1210 182 1267 torum?

110 1287 328 1348 Praenotandum
341 1306 407 1347 oum
428 1288 459 1347 S.
473 1286 579 1346 Thom.
606 1288 634 1344 in
653 1286 737 1364 dorp.
759 1288 893 1365 imagines
907 1288 997 1370 dupli-

71 1371 141 1428 citer
152 1389 235 1450 posse
248 1368 422 1428 considerari.

113 1450 150 1508 1·-
166 1451 256 1510 Prout
267 1460 332 1509 sunt
345 1470 386 1508 res
398 1448 535 1529 quedem,
558 1467 605 1507 seo
620 1456 695 1507 certa
713 1451 841 1522 muteris,
860 1453 932 1529 putu
946 1472 997 1512 su-

71 1551 134 1592 rum
151 1531 197 1590 vel
220 1531 327 1609 lignum
339 1530 479 1610 sculptum
493 1531 533 1590 vol
549 1532 673 1610 pictum:
693 1537 723 1589 et
735 1538 848 1590 eatenus
864 1531 997 1611 imagines

72 1633 125 1672 non
141 1621 260 1692 possunt
272 1611 409 1670 honorari.

111 1694 152 1753 11'.
170 1697 212 1751 2⁰·
229 1694 410 1770 inquantum
431 1699 498 1755 sunt
510 1693 653 1770 imagines,
675 1692 730 1749 sive
744 1697 998 1770 representationes

74 1775 178 1835 Christi
199 1775 243 1833 vel
258 1775 422 1833 Sanctorum
437 1792 443 1828 :
464 1784 493 1831 et
515 1781 631 1832 eatenus
646 1782 761 1852 possunt
775 1775 904 1835 honorari
918 1773 996 1841 cultu

71 1856 188 1916 relativo
213 1875 263 1914 seu
278 1857 447 1934 respective,
472 1856 513 1913 ite
536 1863 569 1912 ut
581 1854 689 1913 scilicet
708 1874 765 1913 non
778 1852 948 1919 honorentur
960 1858 997 1917 ob

72 1936 236 2016 dignitatem
259 1937 325 2015 ipsis
341 1938 525 2007 intrinsecam,
544 1934 591 1994 scd
607 1934 643 1993 oh
668 1934 832 2012 dignitatem
855 1942 997 2018 prototypi

72 2021 123 2076 sive
146 2017 333 2096 exemplaris:
355 2025 386 2075 et
406 2025 606 2096 consequenter
625 2016 712 2076 honor
725 2020 839 2095 imagini
852 2018 997 2083 exhibitus

71 2097 211 2158 redundet
224 2101 252 2157 in
267 2107 437 2178 prototypon
451 2109 585 2177 tanquam
599 2100 776 2157 iurationem
791 2098 936 2163 torinnlem
947 2100 996 2159 ho-

73 2181 230 2253 notationis,
251 2182 376 2258 quamvis
404 2179 551 2259 Obsectum
576 2180 655 2258 quod
675 2181 712 2237 sit
730 2180 815 2238 etiem
831 2182 891 2258 ipss
904 2184 996 2260 imago

72 2270 280 2340 repraesentans,
301 2262 370 2320 licet
381 2281 435 2318 non
449 2263 486 2319 sit
500 2263 578 2331 ratio,
599 2280 685 2339 quare
700 2259 816 2328 colitur„

107 2342 169 2400 111.
184 2342 283 2421 Itaque
297 2341 334 2399 ed
348 2345 526 2421 questionem
547 2340 695 2419 respondet
709 2342 740 2398 S.
755 2342 898 2400 Thomas:
922 2342 997 2401 Imu-

70 2423 149 2499 giues
173 2421 300 2481 honorari
325 2441 405 2501 posse
430 2421 528 2481 eodem
550 2421 635 2490 cultu,
658 2441 712 2498 quo
735 2421 996 2486 honoratureerum

69 2511 251 2582 prototypon,
278 2502 328 2560 sed
356 2502 434 2561 cultu
468 2503 579 2561 relativo
605 2523 655 2560 seu
687 2506 837 2580 respectivo
864 2506 994 2564 tautum:

70 2584 189 2661 proinde
203 2585 339 2660 imagines
352 2586 516 2642 Sanctomm
538 2581 664 2642 coluntur
678 2584 754 2642 cultu
771 2585 863 2642 Duliae
887 2605 995 2664 respec-

70 2668 143 2735 tiv03
167 2665 247 2722 Divae
262 2665 385 2742 Virginis
399 2663 474 2724 cultu
499 2665 612 2722 relativo
626 2664 830 2742 Hyperduliae:
854 2664 953 2725 Christi
968 2676 997 2727 et

70 2747 126 2804 Dei
143 2749 293 2822 respective
309 2747 409 2804 Latriae
424 2747 518 2805 cultu:
535 2745 590 2803 fere
602 2748 684 2804 sicuti
694 2745 791 2804 eidem
803 2747 994 2827 virtutediligi·

69 2846 131 2884 mos
145 2829 237 2885 Deum
252 2835 280 2886 et
294 2830 451 2905 proximum
466 2825 500 2884 ob
515 2826 665 2884 bonitatem
678 2828 733 2886 Dei
746 2829 774 2884 in
789 2847 826 2883 se.
889 2824 923 2857 ''

111 2907 211 2965 Plures
239 2909 347 2965 interim
375 2912 520 2977 sustinent,
543 2907 617 2986 quod
644 2908 691 2966 ilie
719 2909 805 2967 cultus
833 2912 995 2987 respectione

70 2987 239 3065 imaginibus
254 2988 398 3046 exhibitus
412 2990 502 3047 minor
516 3009 574 3046 esso
599 2989 701 3047 debeat
714 2989 789 3047 cultu
804 2991 931 3050 exhibito
945 2995 995 3070 ipsi

69 3079 239 3147 prototypo:
263 3070 384 3147 hincque
397 3069 549 3139 deducunt,
571 3071 638 3129 nulli
651 3073 764 3148 imagini
779 3071 874 3131 deberi
888 3073 996 3131 cultum

72 3151 188 3208 [ntriae.
232 3152 369 3208 Nituntur
393 3151 510 3229 Synodo
534 3154 665 3229 septimae,
697 3172 757 3230 quae
781 3152 847 3212 dicit
871 3153 995 3214 Latrinm

69 3251 128 3290 non
141 3251 201 3290 esse
222 3231 416 3291 exhibendam
430 3232 608 3309 imaginibus,
629 3236 695 3312 quia
713 3235 766 3293 soli
780 3233 875 3294 divine
890 3243 995 3300 naturae

69 3314 214 3392 competit.

112 3393 171 3453 Sed
197 3394 244 3453 eiii
258 3394 401 3474 explicent
420 3392 567 3471 Synodum
580 3398 727 3474 septimam
752 3393 787 3453 do
808 3397 903 3458 Leiria
917 3401 994 3462 abso-

70 3476 140 3544 lute,
164 3495 226 3554 qnae
240 3496 294 3534 non
308 3475 425 3534 debetur
436 3477 601 3554 imaginibus
616 3477 730 3540 Christi.
752 3475 919 3539 licetcultus
940 3482 995 3539 Ln-

69 3558 129 3615 triae
143 3560 311 3636 respectivus
332 3560 371 3615 eis
382 3556 531 3626 debeatur;
554 3557 679 3634 adeoque
693 3556 796 3616 honore
806 3564 911 3620 minore
925 3561 995 3620 ado·

69 3645 175 3710 rentur,
194 3639 278 3717 quiem
293 3647 480 3718 prototypon:
504 3659 566 3718 quae
580 3641 652 3697 inter
663 3657 693 3695 so
706 3658 761 3696 non
777 3649 940 3721 repugnent.

114 3719 258 3799 Quidquid
285 3724 331 3796 sit,
365 3719 486 3782 sufficiet
512 3720 591 3781 nobis
618 3727 714 3781 cenna
735 3721 884 3796 Sectsrios,
918 3722 996 3802 qnod
