2130 3990
230 209 272 253 on
289 209 464 255 sacrameto
486 210 593 255 unsa.
817 193 880 257 w

48 364 208 435 suggestum
221 377 254 414 ac
278 377 441 434 persuasum
459 357 554 429 fuisse,
578 355 678 416 Missae
707 355 879 418 Sacn'ficium

48 440 138 496 ndum
164 457 236 496 esse.
279 438 390 497 Volunt
414 458 483 516 ergo
506 446 664 511 novatores,
684 459 740 496 non
762 457 826 497 esse
849 439 878 497 in

48 519 128 598 Lege
151 519 205 576 nisi
231 518 402 577 Sacrificium
425 519 566 596 spirituale
592 519 727 578 honorum
752 538 878 598 operum,

48 621 69 658 n
82 621 133 659 seu
148 600 352 658 Eucharistiam
376 619 439 659 esse
462 620 568 658 meram
592 601 880 662 commemorationem

48 681 81 739 cii
96 681 200 740 Christi
212 681 241 738 in
252 681 354 754 Cruce,
376 680 572 759 Christumque
585 683 665 741 nohis
678 683 788 742 dedisse
800 702 878 742 men·

48 783 67 819 n
89 783 146 840 qua
159 763 311 840 epulemur,
332 763 382 821 sed
404 783 460 821 non
481 763 577 836 altare,
597 784 681 842 super
703 783 759 842 quo
773 761 877 829 saona

55 864 63 900 :
83 852 180 902 contra
192 864 262 922 quos
276 864 384 902 errores
404 845 506 922 dogma
520 842 705 917 Catholicum,
725 845 831 903 scilicet
850 844 879 903 in

60 925 152 984 offerri
174 945 272 984 verum
284 945 318 983 ac
330 926 443 1003 proprie
462 925 566 984 licum
580 924 762 998 Sacrificium,
782 925 878 985 defini·

47 1006 82 1064 id.
101 1026 171 1065 sess.
185 1005 235 1063 22.
251 1027 312 1064 can.
329 1010 355 1063 l.
369 1007 412 1064 his
425 1006 531 1066 verbis:
553 1006 619 1064 “Si
636 1008 697 1085 quis
720 1006 833 1073 dixerit,
853 1007 883 1066 iu

67 1106 123 1145 non
150 1088 242 1147 offerri
266 1087 332 1147 Deo
354 1107 452 1146 verum
480 1095 510 1146 et
530 1088 673 1166 proprium
700 1086 882 1161 Sacrificium,

48 1171 92 1226 rod
115 1169 207 1228 offerri
229 1188 285 1225 non
307 1168 344 1226 sit
363 1169 446 1242 aliud,
473 1170 557 1246 quam
578 1168 658 1227 nobis
682 1169 825 1233 Christus
844 1169 882 1230 d

48 1251 172 1308 [candum
199 1250 271 1320 dari;
293 1251 440 1308 anathema
456 1249 521 1308 sit''

48 1329 94 1453 ξι,
114 1331 144 1389 in
161 1330 254 1389 Missa
274 1330 368 1389 offerri
379 1350 478 1389 verum
502 1350 535 1390 ac
548 1330 657 1410 proprie
671 1330 776 1389 dictum
787 1329 880 1390 Sacri·

70 1490 108 1549 R.
125 1491 263 1550 Probatur
283 1496 323 1550 1⁰·
345 1513 382 1552 ex
397 1491 548 1570 Prophetis
571 1491 721 1551 Malachiae
736 1511 796 1571 cap.
811 1497 836 1551 1.
851 1513 895 1550 r.-

48 1575 58 1608 ‘
73 1572 141 1632 Non
153 1580 197 1631 est
215 1573 282 1631 mihi
294 1575 422 1632 voluntas
434 1574 463 1631 in
476 1573 566 1647 vohis,
586 1571 652 1632 dicit
678 1573 817 1632 Dominus
826 1592 880 1632 ex·

48 1675 97 1714 nn:
119 1661 147 1712 et
164 1674 265 1712 munus
282 1674 339 1713 non
352 1655 500 1731 suscipiam
519 1655 556 1713 de
576 1675 661 1713 manu
673 1653 797 1713 vestrass'
840 1652 881 1712 Bt

48 1742 102 1798 .“
115 1734 161 1793 Ab
182 1744 245 1793 ortn
267 1736 341 1794 enim
355 1736 428 1794 Solis
441 1755 529 1813 usque
543 1737 579 1794 ad
592 1755 732 1830 occasum,
751 1752 881 1814 magnum

48 1837 121 1877 >men
147 1836 241 1875 meum
267 1816 297 1875 in
322 1816 471 1891 Gentibus,
491 1824 520 1876 et
542 1817 572 1874 in
595 1817 670 1876 omni
690 1818 754 1877 loeo
777 1814 881 1876 sacrifi·

48 1907 72 1959 at
83 1898 197 1957 offertum
209 1897 324 1956 Nemini
337 1918 401 1957 meo
413 1898 515 1956 oblatio
527 1897 661 1958 munda?

48 2000 61 2038 a
75 1980 204 2057 importat
215 1979 277 2037 haec
291 1980 451 2057 Prophetis,
470 1999 572 2057 nempe
584 1979 644 2039 sore
663 1977 812 2059 rejicienda
830 1978 883 2038 Sa·

48 2060 244 2132 rJudaaorum,
265 2069 296 2119 et
315 2061 348 2117 iis
362 2060 582 2119 substituendum
600 2061 660 2119 fora
686 2080 789 2118 novum
799 2081 807 2132 ς
827 2079 886 2123 non

48 2142 144 2214 abstat,
157 2143 233 2218 quod
246 2141 346 2199 dicitur
359 2162 364 2197 :
388 2141 580 2202 Sacrificctur
593 2148 622 2201 et
635 2139 758 2220 offertur
771 2141 800 2199 in
813 2159 885 2219 praa·

63 2224 92 2282 id
106 2223 178 2280 enim
192 2223 325 2280 familiare
339 2229 383 2280 est
395 2222 553 2299 Prophetis,
580 2231 611 2281 ut
632 2231 746 2300 propter
769 2222 882 2282 certitu-

70 2303 256 2382 praedictionis
282 2303 374 2361 futura
402 2303 481 2381 quasi
502 2304 645 2381 praeterita
663 2311 712 2362 aut
732 2303 887 2381 praesentis>

48 2394 110 2444 ¹ent:
132 2385 207 2461 atrpui
229 2404 281 2462 per
305 2385 373 2442 illud
385 2404 489 2442 novum
501 2405 557 2443 non
570 2393 664 2462 potest
678 2384 753 2444 aliud
766 2384 882 2463 intelligi

60 2464 231 2524 Sacrificium
250 2465 369 2536 Missae;
392 2470 412 2500 “
427 2465 501 2524 Haec
516 2466 644 2526 animast
657 2466 760 2526 oblatio
772 2466 885 2540 munda,

48 2568 112 2626 rpus
139 2546 244 2604 scilicet
266 2556 296 2605 et
314 2546 434 2625 Sanguis
458 2547 572 2620 Christi,
599 2568 662 2626 quaa
686 2547 716 2604 in
734 2547 808 2606 omni
822 2548 884 2605 loco

48 2653 52 2682 ι
65 2629 191 2705 offertur)
208 2637 236 2685 et
248 2628 324 2685 nulli
339 2628 385 2708 (ut
399 2628 465 2686 dicit
479 2627 606 2687 Trident.
621 2649 689 2687 sess.
704 2627 753 2687 22.
765 2649 826 2705 cap.
843 2629 884 2704 13)

48 2710 150 2786 gnitate
163 2717 212 2766 aut
224 2709 515 2768 malitiaofferentium
528 2708 664 2787 inquinari
677 2707 800 2785 potest.''

48 2791 113 2848 licaa
137 2810 200 2847 cum
226 2788 387 2862 Haereticis,
408 2809 491 2868 posse
514 2789 628 2868 intelligi
653 2790 752 2848 Crucis
773 2787 884 2848 Sacrifi-

59 2872 103 2929 vel
118 2871 258 2947 spirituale
276 2871 411 2929 bonorum
425 2891 555 2949 operum:
577 2878 672 2930 contra
686 2870 804 2947 primum
828 2879 882 2943 est,

49 2952 222 3010 Sacrificium
243 2952 343 3010 Crucis
365 2973 421 3010 non
434 2952 516 3010 fuerit
540 2951 662 3010 oblatum
684 2954 712 3009 in
726 2951 800 3009 omni
813 2951 886 3024 loco,

48 3055 55 3091 r
83 3053 139 3090 uno
161 3033 224 3091 loco
246 3032 374 3091 Judaeae:
399 3039 496 3091 contra
522 3034 685 3104 secundum,
713 3031 885 3091 Sacrificium

48 3115 95 3172 ,ale
109 3114 244 3171 bonorum
258 3134 372 3189 operum
385 3134 441 3171 non
455 3122 499 3173 est
512 3135 624 3186 novum,
644 3134 698 3173 neo
718 3112 891 3172 substituta--

48 3197 108 3254 loco
132 3196 306 3274 antiquorum
334 3194 556 3266 Sacrificiorum
578 3196 630 3255 fuit
657 3195 730 3254 enim
753 3193 789 3253 ab
809 3192 886 3255 initio

48 3359 124 3429 licas,
146 3356 333 3435 Augustinum
359 3364 387 3413 et
402 3354 607 3435 Hieronymum
628 3354 715 3413 verba
732 3353 885 3415 Malachiar

48 3439 126 3496 retari
153 3440 188 3496 de
212 3437 353 3495 Sacrificio
373 3437 472 3509 laudis,
497 3437 534 3501 R.
551 3437 594 3496 lta
608 3437 719 3514 quidem
733 3454 807 3509 esse,
835 3436 885 3495 ned

50 3520 207 3577 xcludendo
221 3518 392 3577 Sacrificium
410 3519 520 3595 proprie
535 3519 655 3587 dictum;
678 3517 743 3576 crim
757 3516 830 3578 enim
845 3518 886 3577 os·

53 3620 116 3659 cum
130 3601 222 3673 laude,
244 3608 337 3676 potest
351 3599 434 3659 etiam
447 3599 500 3658 dici
522 3597 695 3658 Sacrificium
707 3597 806 3665 laudis.
