2130 3990
257 203 302 249 nn
313 200 525 249 ucnrrmru
536 199 568 243 rs
582 195 722 241 snsnss.
889 178 948 239 rao

48 372 92 415 om
120 348 270 432 dispoeitio
293 349 453 421 soluntrtis,
485 365 548 425 quc
575 366 628 406 nec
652 342 797 405 actualiter
820 348 872 415 est
898 364 954 405 nec

48 453 157 515 nquam
179 431 245 500 init.
264 429 318 491 sed
338 449 400 511 qun
426 429 583 499 eiceretur,
602 428 627 486 si
648 426 704 487 hcc
726 421 855 487 relillnd
866 428 954 487 menti

48 521 197 577 muntel-

70 594 145 655 Vll.
166 592 395 672 laserpicium
406 589 510 651 dicitur
523 609 567 658 ea,
588 607 649 668 qun
669 609 725 649 non
738 584 865 668 procedlt
876 588 896 648 i
908 606 954 647 ro·

48 682 141 737 mute
151 683 188 736 nt
197 675 338 755 principio
349 672 490 745 eliciente,
508 670 561 731 sed
580 671 670 730 solim
682 679 715 730 ιιι
725 668 845 730 effectus
858 667 955 729 solun·

48 758 116 819 nrins
132 757 163 817 in
176 775 266 817 ceum
274 756 362 836 juxto
371 753 628 833 interpretationem
639 749 773 812 moralem
783 774 792 814 ι
812 749 902 831 qualis
913 759 958 811 est

48 859 62 901 ι.
83 858 114 919 g.
141 840 173 901 in
198 836 288 909 ebrio,
307 837 358 916 qui
381 836 469 904 norit,
488 834 562 893 sein
584 832 718 893 ebrietate
731 830 957 897 ‚nunninus

48 916 394 983 momenmentum.
434 914 492 974 His
505 914 668 994 premissis:

72 998 166 1061 VIlI.
190 1000 316 1059 Intentio
337 995 493 1056 habitualis
513 994 551 1054 nd
572 994 772 1075 perfectionem
784 992 960 1053 sacramenti

48 1098 90 1143 m
103 1087 151 1143 est
161 1077 318 1143 suffidens:
333 1079 399 1157 quis
410 1077 472 1137 hnc
493 1095 550 1135 non
572 1074 677 1137 sufficit
694 1074 732 1137 nd
750 1083 846 1137 scum
858 1072 960 1135 hcrm-

48 1180 114 1231 rom,
134 1163 195 1221 imo
207 1160 319 1240 proprii
329 1178 385 1219 nou
400 1158 583 1218 estiutentio.

73 1241 146 1322 obj.
160 1243 195 1303 S.
213 1239 378 1302 Thom.hic
391 1247 443 1299 art.
463 1237 492 1297 8.
506 1236 543 1297 nd
555 1235 585 1295 3.
599 1235 684 1297 dicit:
706 1242 727 1271 “
740 1234 892 1308 ncttills,
911 1237 962 1316 qui

48 1319 113 1383 lind
138 1324 255 1401 cogitet,
275 1340 331 1381 non
356 1319 462 1379 haheat
485 1317 626 1379 actualem
650 1319 844 1387 intentionem.
864 1326 961 1379 taram

48 1401 320 1545 monstenem
327 1399 511 1472 habitualem,
525 1416 589 1480 qne
599 1396 702 1461 suffieit
713 1399 751 1461 ad
759 1400 962 1480 perfectionem

154 1481 243 1544 snti.”
710 1538 714 1545 .

78 1564 119 1625 lt.
131 1562 221 1635 Quod
234 1582 283 1644 per
303 1563 487 1622 intentionem
499 1558 674 1623 habitualem
687 1560 824 1641 intelligat
835 1561 867 1621 S.
882 1557 962 1627 Tho·

48 1664 100 1705 nas
125 1644 285 1719 virtualem,
304 1652 338 1702 ut
362 1649 441 1723 patet
466 1662 507 1702 ex
533 1649 684 1715 contextu;
711 1663 778 1703 nem
804 1640 961 1722 subjungit:

48 1728 61 1761 ³⁴
74 1727 161 1799 Puto,
179 1745 246 1786 cnm
260 1723 397 1784 Secerdos
411 1722 550 1785 accedens
562 1722 598 1783 sd
610 1722 823 1805 haptinsndum,
842 1721 965 1783 intendit

48 1804 135 1867 heere
159 1807 236 1866 circa
248 1804 460 1885 baptizandum,
478 1803 557 1885 quod
579 1804 650 1866 fucit
663 1803 802 1867 Ecclesia.
841 1798 965 1867 Undesi

48 1896 137 1968 pestes
148 1888 180 1947 iu
191 1889 254 1967 ipso
266 1888 398 1946 exercitio
409 1884 492 1945 antiis
505 1887 636 1964 cogitatio
647 1885 709 1965 ejus
721 1885 759 1947 sd
768 1885 826 1947 slis
833 1886 964 1965 rapiatur,

48 1988 81 2029 ox
107 1971 211 2029 virtute
235 1970 331 2048 primes
364 1968 528 2028 intentionis
553 1968 695 2046 perficitur
721 1960 964 2027 Sacramentum-'⁸

48 2048 101 2111 Ubi
113 2048 228 2144 evidens
248 2058 300 2122 est,
319 2047 471 2127 particulas
494 2047 547 2108 has
569 2068 605 2110 cc
629 2051 735 2108 virtute
749 2050 857 2126 prim
872 2050 965 2107 inten-

48 2137 137 2271 hoff·
146 2128 681 2290 sffbbfidiirsremlbiihnibitnihnievrbrididdidd3
697 2210 820 2287 quemvis
833 2209 913 2269 enim
925 2227 966 2269 ex

48 2290 183 2353 voluntate
210 2292 376 2371 precedenti
402 2293 477 2351 ectio
501 2290 716 2353 Sacramentalis
743 2293 784 2349 sio
806 2292 967 2370 possitusse

48 2371 201 2435 rolnntaria
212 2381 245 2431 ιιι
258 2370 374 2434 effeetus
386 2374 416 2433 in
431 2390 524 2441 muse,
545 2381 639 2432 temen
652 2370 700 2431 bic
713 2380 744 2431 et
756 2390 831 2433 nono
844 2391 901 2433 non
911 2390 967 2433 ex·

48 2455 182 2513 srceturi
197 2450 328 2513 Ministro
347 2461 380 2512 ut
391 2454 427 2512 sb
441 2461 542 2531 agento
554 2453 691 2513 rationali.

80 2533 121 2595 X.
138 2533 262 2595 Intentio
285 2537 347 2592 vero
371 2535 489 2593 actualis
501 2536 575 2593 sorte
586 2532 701 2607 sufficit,
722 2532 788 2593 crim
802 2534 838 2593 sit
851 2533 967 2612 optIma.

48 2614 127 2688 Hoc,
141 2615 210 2674 licit
222 2635 278 2674 non
292 2618 329 2675 sit
341 2617 505 2690 necessario,
525 2613 647 2675 studiosi
661 2624 756 2675 tamen
770 2615 806 2675 sd
829 2613 906 2673 illum
920 2633 968 2673 co·

48 2697 102 2755 nnri
114 2696 203 2755 debet
213 2695 350 2766 Minister,
372 2705 403 2756 ut
412 2695 496 2755 docet
508 2695 539 2754 S.
553 2694 659 2755 Thom.
673 2704 724 2755 art.
738 2697 767 2755 8.
782 2695 818 2754 cd
831 2691 862 2751 3.
883 2697 904 2729 “
917 2691 968 2753 sed

48 2776 96 2836 hoc
122 2774 327 2856 (prosequitur)
343 2798 398 2835 non
414 2785 455 2835 est
467 2778 591 2837 totaliter
607 2778 728 2856 positum
742 2778 769 2834 in
784 2774 904 2835 hominis
917 2793 967 2853 po·

48 2867 161 2917 latete:
182 2860 248 2936 quis
270 2877 321 2936 per
333 2861 523 2928 intentionem,
545 2863 609 2916 crim
623 2857 708 2917 homo
722 2856 780 2915 vult
792 2854 913 2915 multllm
924 2857 967 2915 in·

48 2937 168 3012 tondere,
179 2940 277 3018 incipit
289 2938 344 2998 elia
358 2939 488 3017 cogitare,
500 2937 584 3018 juxto
595 2938 665 2999 illud
680 2939 729 2999 Ps.
743 2936 792 2998 39.
806 2937 863 2999 cor
874 2953 968 2997 meum

48 3019 201 3098 dereliquit
213 3019 289 3079 me.''

80 3099 138 3161 XI.
155 3099 269 3160 Sufficit
282 3121 357 3179 ergo,
371 3109 401 3160 et
412 3098 967 3182 utminisrequiriturintentiorirtualis=

48 3182 111 3259 quia
124 3181 188 3243 haec
201 3181 301 3242 dicitur
312 3182 448 3250 virtualis,
469 3202 532 3262 quas
550 3186 577 3243 vi
599 3182 714 3243 actualis
734 3180 913 3262 precedentis
925 3182 968 3240 in·

48 3262 109 3321 init
121 3265 152 3321 in
166 3270 271 3336 ectum,
286 3271 315 3322 et
327 3262 443 3342 proihde
455 3262 558 3324 sufficit
570 3264 605 3324 sd
617 3273 710 3325 ectum
724 3264 887 3323 humanum.

81 3342 159 3403 XII.
187 3343 273 3405 Unde
298 3344 357 3410 ille,
378 3348 427 3421 qui
451 3344 625 3406 advertentes
650 3344 747 3405 iritad
762 3344 969 3421 Baptisterium.

49 3421 268 3498 consendendo,
287 3423 392 3498 Altam,
413 3423 466 3485 doc.
488 3425 697 3495 midistrsturus,
718 3423 808 3483 velidi
834 3425 969 3508 baptizat,

48 3503 170 3645 pbsolvit,
190 3513 341 3581 consecret,
360 3503 415 3568 dm.
426 3507 496 3568 licit
518 3517 642 3587 temporo
663 3505 807 3567 ministerii
818 3506 969 3571 distractus

55 3594 123 3647 otti·
894 3618 897 3625 ·
