2130 3990
276 265 278 270 ·
354 250 394 292 uu
407 248 580 292 sacarrrcro
595 248 702 292 missa.
929 218 986 292 401

54 393 177 451 violatur
190 391 328 465 Ecclesia,
350 394 373 450 si
392 394 536 452 dumtaxat
558 401 644 471 guttae
664 395 767 472 aliquot
790 395 930 473 sanguinis
944 398 983 467 es-¹

52 473 218 545 lirndautur,
237 475 306 534 licet
327 476 419 552 gravis
433 475 504 534 foret
515 476 673 552 percussio,
695 495 785 554 neque
804 477 931 550 violatur,
951 477 983 535 li·

48 557 98 614 cet
113 556 229 633 sanguis
244 556 357 633 copiose
368 555 531 628 effundatur,
543 557 566 615 si
579 557 721 632 percussio
733 578 789 614 non
802 558 838 614 sit
852 558 973 616 mortalis

48 643 81 692 nt
92 638 258 715 contingere
271 644 363 714 potest
375 639 403 695 in
424 637 526 713 pueris,
548 657 578 694 se
600 635 696 695 mutuo
709 639 745 696 acl
757 659 855 696 nasum
865 641 985 716 percuti·

48 717 184 775 entibus:
205 717 270 795 quia
290 719 360 776 tales
384 719 505 776 actiones
519 739 573 776 non
587 719 709 796 graviter
731 728 885 797 repugnant
907 741 986 779 man·

48 798 196 857 metudiui
210 799 323 871 Christi,
337 821 383 877 qur
376 799 495 858 'ibidem
506 810 537 857 ut
549 807 709 858 mansuetus
719 801 799 858 offert
788 809 870 859 turet
858 802 985 860 tcolitur.

92 878 187 952 Nota,
206 900 258 974 pro
271 902 288 937 u
291 889 387 957 troque
400 882 452 938 hoc
467 898 533 938 casu
546 880 682 952 sufficere,
703 879 779 958 quod
791 883 890 939 vulnus
903 883 988 942 fuerit

48 950 212 1020 inflictum
205 982 233 1018 m
248 961 385 1032 Ecclesia,
406 963 530 1038 quamvis
544 984 580 1019 ex
582 972 624 1019 tra
582 961 795 1020 tEcclesiam
809 983 846 1020 ex
855 984 888 1022 eo
902 964 986 1022 mori·

48 1048 118 1099 atur
131 1051 181 1100 aut
189 1062 352 1122 sangumem
361 1043 458 1100 funda
470 1044 645 1114 vulneratns;
658 1044 781 1101 srmrlrter
791 1045 900 1116 sufficit
911 1066 934 1102 si
926 1044 987 1103 fo

48 1123 88 1181 ris
105 1124 232 1182 existens
245 1125 353 1181 occidat
365 1131 413 1181 aut
426 1125 552 1183 vulneret
564 1142 627 1182 cum
639 1125 750 1182 notabili
763 1125 903 1203 sanguinis
916 1125 986 1184 effu·

48 1203 134 1262 aione
149 1206 316 1263 existentem
329 1205 358 1262 in
373 1204 509 1274 Ecclesia,
553 1205 619 1264 Non
633 1215 726 1263 tamen
744 1219 848 1280 contra,
870 1207 892 1263 si
908 1207 984 1264 exis·

48 1292 170 1357 tentem,
191 1286 298 1344 etiamsi
311 1287 469 1343 vulneratus
483 1288 625 1364 ingressus
638 1287 666 1344 in
682 1286 837 1345 Ecclesiam
851 1287 887 1345 ibi
901 1288 984 1363 mori-

48 1376 117 1424 atur
128 1375 179 1424 aut
191 1367 353 1444 sanguinem
366 1367 470 1425 fundat.

95 1447 139 1508 V.
160 1447 203 1504 3⁰·
218 1447 348 1507 Violatur
362 1447 490 1506 Ecclesia
497 1469 548 1525 per
554 1448 736 1506 voluntariam
749 1450 860 1509 seminis
873 1451 986 1508 humani

48 1528 236 1587 effirsionern:
250 1548 309 1606 cap.
323 1529 495 1600 Eccuasrm,
506 1537 534 1588 et
544 1551 603 1606 cap.
619 1529 650 1586 Si
662 1529 828 1589 Eccuasra

96 1609 219 1668 Perinde
230 1618 281 1682 est,
301 1611 361 1669 sive
374 1610 411 1668 sit
422 1609 519 1669 effusio
532 1611 683 1669 secundum
692 1619 827 1682 naturam,
848 1609 907 1669 sive
921 1630 987 1669 con-

49 1692 98 1750 tra
110 1699 249 1763 naturam,
263 1692 322 1749 sive
331 1712 382 1768 per
391 1692 517 1768 copulam
529 1693 712 1764 fornicariam,
733 1693 792 1751 sive
803 1690 986 1770 conjugalem.

95 1771 255 1830 Resolvunt
274 1773 454 1831 communiter
467 1772 617 1846 Authores,
639 1773 796 1831 Ecclesiam
822 1793 877 1829 non
890 1773 987 1831 violari

52 1874 106 1931 per
117 1853 308 1930 pollutionem,
329 1874 392 1932 quae
407 1853 505 1911 accidit
518 1853 546 1911 in
567 1875 673 1927 somam,
694 1854 819 1932 quamvis
840 1855 912 1914 forte
926 1853 986 1912 fue-

53 1938 92 1993 rlt
103 1935 248 2012 culpabilis
262 1934 290 1992 in
304 1955 396 1993 causa.

55 2045 59 2055 ¹
97 2014 156 2076 Vl.
178 2015 368 2075 4⁰·Vi01atur
392 2014 530 2088 Ecclesia,
551 2016 709 2094 sepeliendo
726 2016 755 2073 in
778 2037 812 2074 ea
826 2036 987 2074 excommu-

55 2095 180 2156 nicatum
192 2097 352 2154 nominatim
377 2098 576 2170 denuntiatum,
597 2104 645 2155 aut
658 2098 794 2155 notorium
810 2097 912 2156 Clerici
924 2117 988 2176 per·

57 2198 210 2252 suasorem,
224 2178 290 2236 item
303 2179 461 2255 sepeliendo
475 2179 613 2236 ethnicum
622 2179 667 2236 vel
679 2177 825 2239 infidelem.

97 2258 188 2332 Nota,
201 2267 233 2317 ut
245 2259 374 2317 Ecclesia
385 2261 438 2316 hoc
452 2260 534 2317 modo
554 2260 682 2331 violetur,
701 2279 757 2317 non
777 2259 878 2336 requirl
888 2279 987 2336 pecca·

58 2350 125 2413 turn,
148 2341 199 2398 sed
221 2341 289 2398 satis
311 2361 374 2399 esse
394 2339 510 2399 infidelis
534 2350 582 2399 aut
594 2340 824 2400 excommunicati
838 2339 990 2399 denuntiati

59 2423 237 2500 sepulturum.

95 2502 250 2579 Sequitur:
270 2503 366 2560 violari
391 2502 557 2575 Ecclesiam,
578 2503 736 2579 sepeliendo
750 2503 777 2560 in
799 2523 833 2560 ca
856 2503 988 2561 infantem

57 2604 112 2642 uon
129 2583 323 2661 Baptizatum:
345 2584 369 2641 si
392 2592 485 2642 autem
507 2590 631 2641 mortuus
653 2585 682 2641 in
695 2593 773 2642 utero
792 2584 887 2640 matris
901 2583 987 2641 etad-

56 2664 110 2724 luc
126 2665 251 2723 existens
263 2666 293 2723 in
306 2685 340 2723 eo
354 2666 434 2722 simul
445 2686 509 2722 cum
530 2671 618 2723 matre
629 2666 787 2742 sepeliatur,
807 2685 862 2721 non
873 2664 991 2723 violatur

56 2744 209 2817 Ecclesia;
238 2746 302 2822 quia
324 2748 530 2822 consepelitur
553 2757 685 2822 tanquam
711 2766 829 2822 persona
852 2745 988 2813 distincta,

53 2829 107 2886 sed
123 2835 156 2885 ut
173 2848 237 2903 pars
254 2827 358 2884 matris.
400 2827 488 2885 Sectis
503 2826 643 2884 existimat
656 2826 779 2905 Sylvius,
798 2826 989 2883 sifuissetex·

52 2916 165 2967 tractus
178 2929 215 2966 ex
228 2916 308 2966 utero
321 2909 425 2979 matris,
440 2909 579 2966 etiterum
592 2908 620 2964 in
634 2928 668 2965 eo
681 2908 827 2984 repositus.

97 2988 176 3049 Vll.
197 2988 283 3061 Nota,
303 2990 378 3067 quixl
391 2996 507 3066 quatuor
516 2989 654 3066 praedictis
674 2990 763 3046 modis
777 2989 860 3046 etiam
873 2987 991 3045 violetur

53 3071 246 3130 caemeterium
272 3071 456 3142 benedictum,
478 3071 515 3128 ita
538 3078 577 3139 ut,
597 3070 756 3147 priusquam
783 3068 990 3127 reconciliatum

52 3152 95 3210 sit
108 3171 166 3209 non
184 3151 294 3210 liceat'
255 3158 315 3209 tiu
329 3172 363 3210 eo
385 3151 508 3228 sepelire.
551 3151 730 3218 Quinimu
709 3171 732 3207 ει
757 3149 941 3207 caemeterium
954 3149 992 3206 sit

53 3231 236 3324 'conjunctum
252 3231 399 3303 Ecclesiae,
423 3231 525 3289 violata
544 3232 683 3304 Ecclesia,
700 3232 783 3290 etiam
805 3231 922 3288 riolatur
941 3249 993 3289 cae·

55 3315 216 3386 meterium,
237 3335 292 3371 non
317 3314 436 3372 tamene
455 3322 568 3371 contra:
589 3314 652 3371 vide
672 3334 733 3389 cap
750 3311 783 3368 Si
798 3311 990 3380 Eustasius,

55 3398 189 3457 decons.
205 3394 364 3454 Ecclesia
385 3392 415 3452 6
431 3394 494 3453 hinc
508 3395 692 3453 caemeterium
711 3392 796 3450 violat
785 3401 843 3450 tum
857 3413 894 3451 ex
907 3391 993 3450 viola-

57 3476 141 3535 tione
152 3474 287 3536 Ecclesia
300 3477 384 3536 etiarn
409 3496 447 3535 ex
471 3474 595 3553 ejusdem
620 3474 844 3534 reconciliatione
867 3479 995 3533 censetur

53 3556 278 3616 reconciliatam.
783 3556 800 3585 ⁸
