2130 3990
90 173 131 235 80
353 226 356 231 .
471 193 671 241 reecsrrus.

92 341 153 393 ret:
176 341 197 366 “
211 336 245 399 In
272 337 399 399 Nomine
427 336 516 399 Patris
531 339 654 418 majoris,
680 344 709 401 at
724 337 790 403 Filii
804 340 946 413 minoris,''
968 339 1022 401 &a

93 435 150 474 non
165 417 315 481 conficeret
326 417 548 482 Sacramentum.

126 495 204 564 Vll.
217 499 272 562 9⁰4·
303 500 356 561 Per
377 500 600 563 subtractionem
623 499 699 561 verbi
722 501 766 561 sel
792 503 928 582 syllabae;
962 523 1026 582 quoe

93 580 210 646 rnutetio
223 584 276 644 crit
288 582 477 659 substantialis
490 582 534 642 rei
558 580 749 650 accidentalia,
770 583 925 645 secundum
950 584 1025 659 quod

91 663 183 738 ipsum
202 664 315 723 verbum
330 658 466 725 omissum
478 669 521 722 ert
534 660 570 723 de
583 663 704 723 essentia
716 661 827 738 forme,
847 664 889 723 rel
902 685 972 724 non.

132 739 220 806 Vrii.
234 744 277 805 7⁰·
290 742 415 805 Mutetio
441 745 536 806 iormae
560 743 621 803 fieri
643 752 736 823 potest
754 764 803 824 per
815 747 1024 824 eormpticnem

92 821 258 884 verborum:
277 823 315 886 de
340 845 398 902 qua
424 826 464 887 sic
489 824 613 904 loquitur
640 829 671 884 S.
687 824 817 889 Thomas
830 837 880 888 am
893 829 925 886 Ι7.
940 826 977 886 ad
990 825 1022 885 3.

94 905 112 934 “
126 902 250 967 Sltauta
261 906 300 969 sit
312 909 462 986 ¹corruptio,
484 925 548 986 qcae
563 906 678 967 omnino
691 905 804 969 auferet
815 926 931 969 sensnm
944 909 1022 969 locu·

38 1046 43 1056 ,
92 992 114 1049 f‘
127 986 223 1057 tionis,
245 1006 301 1049 non
326 985 434 1048 ridetur
461 985 557 1066 pertici
570 987 805 1062 Sacramentum
827 996 857 1048 et
880 988 937 1047 hoc
952 1008 1022 1066 prae·

95 1070 114 1094 “
129 1067 212 1145 cipue
226 1068 374 1148 contingit
401 1066 516 1148 quando
534 1066 567 1126 fir
589 1071 728 1147 corruptio
747 1089 786 1129 ex
802 1077 882 1149 porte
896 1070 1023 1148 principii

91 1154 111 1217 Τ
132 1146 281 1211 dictionis:
301 1149 372 1229 putri
383 1151 408 1209 si
420 1150 483 1210 icco
497 1149 558 1228 ejus
567 1147 642 1227 quod
656 1156 699 1210 est
712 1154 743 1211 r‘rr
767 1149 891 1211 Nomine
906 1149 1023 1222 Patre,

89 1231 109 1258 “
125 1225 200 1289 dicat
212 1231 243 1290 in
259 1231 375 1291 sonim
386 1229 510 1292 Motrr's.

132 1317 152 1341 ‘⁴
165 1312 197 1371 Si
211 1314 275 1372 rerd
287 1331 343 1374 noo
356 1311 477 1385 totaliter
487 1309 630 1372 auferatur
649 1331 748 1372 sensns
761 1312 955 1373 locutionis...
977 1315 1022 1372 ni-

92 1392 110 1421 “
124 1389 275 1453 hilemious
288 1392 431 1472 perficitur
444 1395 675 1453 Sacramentum:
691 1403 720 1455 et
733 1393 788 1454 hnc
800 1393 941 1473 precipue
954 1413 1022 1453 con·

92 1475 110 1524 ‘.‘
125 1475 215 1551 tingit,
230 1473 548 1554 .qnando:fit..·oormptio
560 1491 598 1533 ex
611 1480 690 1552 perte
698 1473 779 1537 finis:
800 1474 872 1552 putri
883 1475 906 1531 ai
920 1474 1022 1552 aliquis

90 1556 109 1583 '‘
123 1553 216 1617 dicat:
238 1555 296 1615 ‘ln
320 1556 433 1615 nomine
458 1554 578 1626 Patriae,
596 1563 626 1613 at
640 1553 745 1622 Filias:
766 1553 840 1617 &03⁸
886 1554 972 1621 Prout
984 1555 1021 1617 de

88 1632 172 1692 simili
186 1634 278 1713 forms
289 1655 328 1696 ex
354 1636 494 1715 imperitia
515 1634 619 1714 tingue
631 1635 741 1715 protare
751 1637 893 1715 rescripsit
905 1632 1018 1696 Zecba·

88 1717 141 1773 rias
157 1714 236 1796 Papa
249 1716 396 1780 Barrifacic
411 1717 560 1799 Episcopo.

129 1794 185 1855 IX.
208 1795 258 1859 Sic
271 1799 357 1859 enon
380 1816 479 1858 omnes
496 1795 636 1876 judicant.
656 1795 860 1861 balbutientem
882 1796 1019 1859 conficere

88 1876 403 1950 Sacramentumlieet
430 1886 538 1958 repetat
560 1879 679 1958 primam
704 1877 864 1958 syllabam:
885 1897 912 1938 v.
931 1898 958 1955 g.
989 1877 1019 1938 Ε

89 1976 148 2034 ego
170 1967 198 2021 re
210 1968 238 2017 te
252 1958 307 2038 bap
328 1957 453 2038 daprtirn,
473 1965 525 2036 dre.
538 1960 609 2020 item
620 1959 658 2020 do
670 1958 727 2020 lrcc
740 1967 785 2020 est
796 1978 832 2021 eo
845 1973 951 2037 corpus
973 1979 1018 2019 rrre

87 2058 199 2103 meum:
221 2042 290 2101 item
311 2043 336 2100 si
357 2041 421 2101 loco
448 2059 557 2120 corpus
577 2039 686 2100 dicatur
712 2058 813 2118 copus,
835 2040 899 2105 loco
927 2038 1017 2114 celric,

88 2120 174 2195 culr's,
195 2119 249 2182 dcc.
264 2120 350 2187 Unde
365 2122 429 2182 haec
441 2121 587 2182 edvertant
599 2119 759 2200 scrupulosi,
773 2123 874 2199 ,inquit
889 2119 1016 2195 Billuart‚

87 2205 135 2277 qui
144 2221 222 2279 saepe
234 2205 412 2265 irreverenter
424 2213 454 2264 et
466 2201 583 2263 ridicule
592 2199 692 2262 formae
705 2202 789 2263 rerba
797 2211 936 2282 repetunt.

130 2283 242 2343 Horum
256 2286 382 2344 omnium
396 2287 534 2344 rationem
563 2280 801 2349 detS.'1⁷homes
824 2284 886 2343 loco
909 2284 1015 2343 eruto:

87 2368 110 2402 “·
123 2364 256 2439 Quamuis
281 2367 357 2427 enim
385 2363 546 2444 hujusmodi
574 2362 656 2425 verba
682 2364 809 2444 corrupte
823 2363 1016 2443 prolatanihil

88 2453 109 2476 “
124 2445 327 2523 significantes
342 2447 444 2506 virtute
466 2447 661 2526 impositionirr
680 2447 855 2526 accipiuntur
878 2453 971 2505 minen
987 2452 1017 2504 ut

86 2528 96 2558 ‘
100 2533 107 2556 ⁴
121 2525 308 2605 significantis
331 2525 637 2589 accommodatione
651 2529 731 2598 usust
753 2535 784 2587 et
795 2525 861 2593 idco.
873 2524 942 2586 licet
953 2544 1016 2586 mu-

86 2611 193 2669 “teror
204 2607 449 2683 sonuseensibilis,
468 2613 595 2668 remanet
606 2613 701 2667 tameo
716 2607 793 2668 idem
807 2605 933 2667 sensus.’'

128 2687 367 2751 Considerandum
395 2690 442 2749 hic
456 2698 506 2759 est
529 2692 570 2748 ait
589 2686 713 2767 Sylvius,
733 2709 770 2749 an
794 2688 1016 2767 uerbecorrupte

86 2791 144 2830 non
156 2768 282 2833 habeant
304 2771 392 2831 aliurn
412 2789 525 2831 sensum
549 2770 718 2848 legitimum,
736 2769 834 2844 idest,
855 2786 1016 2846 correspon-

85 2852 203 2915 dentem-
216 2852 303 2912 mrbus
317 2850 472 2913 samnium
496 2870 675 2912 communem
688 2848 861 2928 intelligendi
876 2847 1014 2919 medum-3

86 2930 159 3010 quod
174 2932 299 2993 sitalem
328 2938 385 2994 non
397 2932 530 3006 babeant,
550 2934 734 2993 communiter
747 2932 868 2995 retinent
891 2930 1016 2992 eundern

84 3033 203 3083 sensum,
226 3033 311 3093 quem
326 3015 497 3095 incorrupte,
516 3021 546 3074 et
567 3014 608 3074 sic
633 3012 776 3094 perficitur
787 3012 1014 3075 Sacramentum.

85 3094 209 3155 Quando
233 3104 391 3176 autemper
417 3095 620 3174 corruptionem
641 3113 729 3155 novus
742 3112 837 3155 sensns
861 3090 1014 3167 inducitur,

84 3175 127 3236 sel
138 3185 178 3239 ert
192 3179 311 3238 mutatio
320 3174 516 3251 substantialis,
536 3175 579 3238 vel
593 3175 671 3239 certe
682 3173 902 3238 formeredditur
915 3173 1012 3238 dubio.
