2130 3990
363 188 582 233 numeriano.
909 164 967 229 169

73 335 138 398 lv.
159 336 194 395 Si
207 338 271 397 vero
284 339 402 415 uterque
411 333 538 395 intendat
546 333 689 412 baptisare
699 329 921 411 independenter
929 324 976 390 ab'

24 419 195 481 intentione
214 417 337 481 alterius.
360 427 427 475 tuno
440 418 489 493 qui
502 423 591 474 tolum
604 415 677 493 prius
691 412 853 486 absolveret,
874 412 965 473 aalide
1046 460 1050 467 ,

29 499 205 578 -bmtiaaret,
222 504 252 563 et
264 496 333 557 alter
343 495 484 566 invalide;
504 496 528 554 si
539 504 632 553 autem
642 493 741 553 aden
752 495 864 555 instanti
874 493 966 556 absol·

37 582 205 653 motetiam
217 576 465 657 saletBaptismus,
477 576 654 655 sicquidem,
667 583 822 654 ututerque
830 575 965 655 baptizet,

38 660 89 723 aad
99 681 158 721 nen
171 662 224 719 erit
235 659 289 717 nisi
302 678 390 717 unum
403 659 628 717 Sacramentum.
669 656 745 716 Vide
758 659 790 715 S.
805 656 967 717 Thomhln

40 750 91 803 art.
104 738 135 799 6.
151 742 180 799 in
199 741 286 817 Corp.
299 739 348 799 ubi
362 738 444 798 simul
456 738 637 806 demonstrat,
658 737 707 797 ills
720 756 781 796 esre
793 737 900 797 illinita.

80 822 129 881 An
146 841 219 881 unus
232 829 326 900 potest
336 820 420 879 simul
435 819 529 898 plures
541 817 707 898 baptisans?

80 903 121 962 V.
146 903 182 961 R.
207 902 301 961 Potest
310 901 411 973 aalide,
430 920 526 959 omnes
542 898 628 959 simul
640 898 810 959 sufficienter
827 898 966 961 abluendo

43 984 91 1045 aab
103 984 161 1045 irae
173 982 282 1041 forma:
303 982 375 1059 Ego
388 998 438 1041 vos
451 980 578 1060 baptizo,
598 979 653 1040 &a
674 980 725 1040 illa
736 982 813 1039 enim
826 980 916 1039 forme
927 991 969 1041 est

44 1065 190 1125 virtualiter
202 1064 350 1143 multiplex
358 1062 445 1142 juxta
457 1081 604 1120 nnmerum
618 1062 815 1142 subjectorum.

84 1146 150 1205 Hoc
164 1146 265 1203 iterum
288 1164 346 1204 non
373 1144 448 1216 linat,
470 1145 523 1201 nisi
543 1146 579 1202 sit
599 1144 629 1202 in
647 1145 817 1211 necessitate,
840 1152 872 1202 ut
883 1145 924 1203 ait
936 1143 968 1202 5.

46 1228 149 1287 Thom.
164 1227 217 1286 lon.
229 1227 275 1283 eit.
289 1226 323 1283 ad
333 1226 363 1284 2,
380 1229 398 1257 ·‘
407 1224 482 1283 Pati
491 1227 514 1282 si
526 1225 684 1283 immineret
693 1226 781 1292 ruina,
794 1224 969 1304 autglsdius,

49 1319 94 1369 aut
110 1306 189 1367 aliud
213 1305 386 1385 hujusmodi,
405 1305 478 1384 qnod
493 1306 607 1364 omnino
629 1324 734 1365 moram
749 1325 805 1365 non
821 1314 968 1386 pateretur,

50 1400 78 1451 at
88 1387 234 1467 sigillatim
247 1407 344 1445 omnes
355 1385 592 1465 baptizarentur.”

23 1524 30 1541 ‚
54 1525 58 1533 .
83 1472 130 1529 An
144 1469 248 1546 aliquis
262 1476 354 1545 potest
366 1471 485 1545 seipsum
500 1466 591 1526 aalide
607 1468 767 1547 baptizare?

85 1548 150 1609 Vl·
164 1550 203 1607 R.
220 1550 248 1606 N
250 1549 372 1624 egative:
395 1549 465 1607 ratio
477 1557 578 1625 praeter
587 1549 756 1607 voluntatem
768 1548 872 1607 Christi
882 1558 926 1607 est
940 1557 970 1606 et

10 1684 13 1692 .
55 1630 110 1689 lieo
121 1631 321 1707 congruentiae,
341 1628 417 1705 quod
436 1632 509 1687 siout
520 1631 640 1711 seipsum
656 1632 738 1689 nemo
751 1632 864 1708 gignere
877 1637 971 1710 potest

57 1709 216 1782 naturaliter,
237 1714 278 1770 sio
292 1729 344 1769 aea
353 1711 538 1789 spiritualiter.

167 1872 208 1931 N.
247 1875 292 1930 15.
327 1871 385 1931 DE
412 1870 600 1930 TRIPLICI
622 1872 849 1933 BAPTlSMO.

10 2012 34 2116 Ξ
248 2034 281 2092 S.
320 2033 416 2093 Tiora.
438 2042 535 2111 qrraert.
556 2033 604 2094 66.
627 2041 685 2093 orl.
709 2034 755 2094 11.

10 2156 31 2275 ζ
60 2194 79 2259 l.
99 2197 273 2272 Baptasmus
286 2203 331 2255 est
344 2193 463 2272 triplex,
481 2196 535 2253 sed
543 2215 618 2254 ursus
630 2203 674 2254 est
685 2195 912 2257 Sacramentum.
928 2199 970 2259 ll.

87 2277 204 2338 seilicet
220 2278 389 2355 Baptismus
408 2277 555 2351 staminas.
576 2277 636 2335 lll.
659 2277 727 2336 Noa
741 2281 894 2353 flaminis.
917 2281 970 2340 lv.

10 2406 28 2501 Η,
83 2357 354 2512 prinppagmima.
382 2355 420 2415 V.
448 2358 508 2415 aed
530 2357 816 2441 supplentdeseetum
830 2361 974 2443 Baptana·

10 2560 22 2674 ξ
93 2603 117 2661 l.
151 2603 312 2673 Quamvis
328 2599 484 2678 Baptismus
510 2601 618 2679 proprie
643 2609 671 2660 et
696 2603 813 2681 rigorose
838 2616 973 2745 sumptus,

10 2720 13 2733 ·
54 2683 210 2761 Baptismus
215 2685 356 2760 stennius
370 2682 471 2751 dietus,
492 2684 528 2739 sit
541 2684 649 2754 uniens,
665 2682 777 2742 dicente
790 2687 899 2765 Aponio
912 2690 973 2748 aad

54 2763 158 2843 upra.
175 2785 234 2844 cap.
250 2762 277 2820 4.
293 2784 316 2818 s.
331 2762 361 2820 5.
379 2758 537 2837 Utiafides,
549 2782 636 2820 unuin
651 2763 808 2841 Raptum,
820 2768 895 2847 quod
907 2776 936 2826 et
946 2772 972 2828 ia

12 2884 15 2891 -
54 2844 189 2923 Symbola
211 2844 515 2921 Constantinopolitano
533 2842 635 2900 diserte
658 2847 803 2923 profitetur
829 2849 973 2920 Ecclesia;

54 2928 227 3004 assignantur
236 2938 329 2985 tamen
341 2924 396 2982 duo
404 2927 461 2981 alia
476 2925 803 2999 Baptismata,staaia'rrr's
813 2935 842 2985 et
849 2936 973 3007 sangui·

54 3010 108 3075 aas,
116 3008 283 3085 inquantum
292 3006 421 3084 supplent
428 3006 501 3063 vices
512 3005 793 3084 Baptismistuma'aa's
800 3011 890 3089 quoad
900 3014 975 3091 prin·

55 3090 172 3167 aipslem
185 3090 244 3166 ejus
263 3087 401 3153 effectum,
423 3087 532 3145 scilieet
546 3086 713 3146 infusionem
729 3094 823 3166 gratiae
839 3103 868 3151 et
880 3097 974 3150 remis-

54 3172 168 3236 nonem,
179 3180 374 3249 pennatorum:
396 3167 472 3225 unde
486 3166 548 3225 lineo
562 3166 618 3226 duo
640 3190 693 3227 non
707 3181 771 3228 sunt
784 3174 975 3246 Sacramenta,

54 3270 104 3308 nee
117 3252 228 3331 proprie
242 3252 372 3309 dicuntur
388 3248 572 3327 Baptismus,
592 3249 640 3308 sed
656 3251 844 3330 metaphorice
855 3260 974 3315 tantum.

55 3330 134 3391 Vide.
161 3332 251 3389 Num.
276 3335 301 3389 1.

94 3415 134 3471 ll.
159 3413 314 3490 Baptismus
329 3411 555 3488 igiturflumim‘s
567 3410 641 3468 solus
656 3421 698 3469 ent
706 3413 929 3487 Sacramentum,
938 3420 974 3476 is·

10 3522 14 3577 p
55 3513 103 3571 que
117 3514 229 3573 semper
244 3493 413 3570 intelligitur,
436 3491 503 3549 dum
517 3494 671 3568 Baptismus
680 3492 840 3571 simpliciter
850 3502 975 3558 nomina·

10 3580 13 3587 '
55 3588 102 3635 tur.
150 3577 259 3634 Dicitur
269 3574 410 3646 staminis
423 3574 441 3630 ei
455 3574 571 3630 materia
584 3583 748 3632 romotaseu
764 3596 843 3655 aqua.

93 3657 151 3717 111.
173 3656 252 3728 Quid
266 3664 308 3713 est
322 3654 480 3730 Baptismus
491 3652 610 3711 flaminis
625 3654 636 3710 i

96 3739 132 3797 R.
157 3737 209 3799 Est
222 3747 314 3798 votum
324 3755 373 3795 seu
385 3733 550 3795 desiderium
564 3734 698 3814 Baptismi
708 3737 832 3801 fluminis
842 3741 976 3822 conjunc·
1059 3752 1063 3819 l
