2130 3990
118 166 180 232 3⁰2
501 184 677 231 morsum

133 432 173 492 N.
187 430 239 495 35.
261 430 321 492 DE
341 430 525 494 JEJUNIO
549 432 771 495 NATURALI
791 434 843 494 IN
866 433 1028 500 COMMU-

281 579 284 583 ,
351 512 547 575 NchN‘ru
569 512 817 577 REQUISITO.

362 694 395 757 S.
413 696 511 757 Tuom.
525 702 632 784 quast,
646 696 696 757 80.
709 703 768 761 art.
777 698 809 759 8.

117 879 141 939 Ι.
156 880 340 959 Praeceptum
345 879 467 958 jejunii
490 879 651 940 naturalia.
694 880 735 939 ΙΙ.
753 880 825 941 Non
840 886 972 943 admettr't
980 906 1036 965 pur.

158 965 276 1021 uitatem
288 964 423 1020 metauri.
466 958 525 1022 III.
540 960 582 1020 Et
597 959 773 1040 explicatur.

154 1144 177 1203 I.
193 1145 243 1205 Os
265 1147 337 1205 tanti
359 1143 538 1203 Sacramenti
561 1146 739 1203 reverentiam
750 1143 811 1222 jam
824 1144 862 1204 ob
878 1142 1037 1225 Apostolieis

116 1226 289 1307 temporibus
302 1235 439 1285 statutum
452 1223 515 1298 tuit,
537 1244 702 1305 semperque
727 1227 758 1285 in
774 1226 910 1286 Ecclesia
923 1227 1038 1287 obserse-
1057 1234 1059 1299 ξ

114 1317 183 1373 tum,
205 1317 236 1367 ut
255 1327 311 1367 non
334 1307 389 1367 nisi
408 1306 523 1385 jejunus
550 1305 733 1385 (quibusdam
758 1306 871 1366 casibus
896 1304 1038 1379 Numdlt

114 1385 304 1469 excipiendis)
334 1386 372 1447 sd
388 1386 596 1448 Eucharistiom
611 1387 766 1461 accederet,
783 1387 900 1467 jejunio
913 1409 972 1449 uon
985 1396 1037 1449 tan·

112 1470 176 1529 tdm
192 1469 402 1540 Ecclesiastico,
420 1467 469 1529 aad
482 1476 511 1529 et
523 1469 653 1529 naturali.
752 1474 755 1478 '

154 1550 254 1632 Hujus
264 1549 357 1632 plures
366 1551 483 1609 rationes
494 1553 680 1627 congruentia
695 1549 743 1625 dat
755 1549 786 1608 S.
813 1548 946 1610 Thomss
958 1550 1037 1611 hicio

116 1632 204 1712 Corp.
230 1637 268 1691 1··
290 1650 341 1712 pro
361 1640 405 1691 ter
426 1632 610 1691 reverentiam
623 1633 809 1691 sacrementi:
823 1631 868 1688 2⁰·
884 1631 933 1693 Ad
944 1630 1038 1711 signifi.

113 1714 245 1780 cendum,
276 1733 315 1793 qu
380 1712 510 1772 Christus
536 1711 800 1799 ejusquecharites
826 1715 920 1792 primd
945 1712 1038 1773 debut

111 1795 224 1855 fundari
245 1797 275 1854 in
299 1793 428 1854 cordibus
445 1794 563 1853 nostris:
584 1803 614 1856 et
626 1794 669 1853 3⁰·
685 1793 731 1854 Ad
748 1797 929 1855 evitationem
942 1796 1037 1855 incon·

111 1877 269 1950 modorum,
289 1896 318 1933 v.
332 1896 360 1955 g.
375 1877 502 1949 vomitus,
523 1872 577 1934 dcc.
1057 1878 1059 1883 '

154 1956 194 2016 ΙΙ.
219 1956 286 2017 Hoc
311 1964 482 2036 praeceptum
502 1955 608 2034 obligat
628 1955 680 2016 sub
694 1958 779 2033 mavi,
800 1976 856 2015 nec
880 1958 1034 2034 parvitatem

112 2041 236 2098 matoriae
253 2039 377 2098 admittit
389 2040 461 2096 sicut
475 2036 756 2117 praeceptumjojunii
774 2035 982 2097 Ecclesiastici.

154 2119 212 2180 ΙΙΙ.
225 2122 310 2179 Porro
322 2118 390 2179 illud
412 2130 586 2198 praeceptum
600 2120 696 2197 exigit,
716 2130 749 2178 ut
762 2129 827 2196 post
841 2119 967 2178 mediam
977 2140 1032 2180 noc·

110 2210 167 2260 tem
192 2205 248 2260 sive
262 2201 457 2260 duodecimam
486 2209 651 2260 nocturnam
675 2199 745 2259 nihil
766 2209 913 2279 sumptum
941 2203 979 2258 sit
996 2222 1032 2281 pu

109 2282 227 2342 modum
242 2283 297 2342 cibi
312 2289 362 2340 aut
374 2280 468 2359 potds,
489 2281 564 2360 quod
578 2279 685 2340 scilicet
701 2281 737 2338 ab
752 2282 914 2340 extrinseco
926 2284 1031 2342 introsu-

108 2375 209 2434 matur,
232 2372 261 2422 et
273 2363 347 2422 vitali
362 2362 447 2420 modo
461 2361 642 2441 deglutiatur,
663 2381 713 2420 seu
727 2365 755 2420 in
770 2363 955 2421 stomachum
969 2364 1030 2443 trsji·

110 2445 209 2517 cietur,
230 2447 289 2504 sivo
303 2445 383 2502 cibus
395 2446 432 2500 sit
445 2452 494 2502 aut
508 2452 603 2523 potus,
624 2445 680 2501 sivo
695 2463 761 2510 non,
782 2444 841 2500 sive
856 2446 973 2517 nutriat,
985 2447 1031 2504 siu

108 2546 162 2585 non
190 2529 312 2584 nutriat:
333 2522 408 2586 unde
431 2523 570 2604 jejunium
595 2524 724 2583 naturale
750 2525 830 2583 solvit
854 2526 1037 2605 introsnmpu.

107 2606 256 2683 medicina,
276 2606 382 2679 charta,
403 2613 484 2687 terra,
500 2606 642 2679 carbones,
662 2607 778 2684 lignum,
800 2614 886 2672 creta,
908 2603 967 2669 dre.
987 2608 1031 2667 sol·
1055 2642 1059 2683 ,

107 2693 180 2749 vitur
206 2695 300 2748 sutem
320 2686 460 2766 jejunium
488 2685 617 2749 naturale
643 2689 701 2746 sive
722 2685 792 2746 illud
805 2685 856 2745 fiet
869 2685 1030 2761 voluntarii,
1057 2686 1059 2721 ¹

104 2775 162 2830 sivo
175 2771 370 2843 involuntarid,
391 2769 474 2827 modo
487 2776 612 2828 sumatur
624 2788 676 2847 pcr
688 2767 804 2828 modum
818 2769 875 2828 cibi
890 2769 935 2827 vel
946 2770 1030 2849 potuis.
1056 2734 1059 2849 i

148 2852 218 2911 Non
242 2860 336 2910 tamen
365 2853 520 2929 requiritur,
542 2860 575 2909 ut
600 2851 663 2930 quis
677 2859 740 2929 post
762 2850 856 2909 cibum
883 2850 928 2909 vel
942 2859 1028 2929 potum
1056 2854 1059 2957 4

105 2940 171 2994 suto
186 2933 309 2993 mediam
322 2937 432 2990 noctem
444 2937 588 3011 sumptum
601 2931 751 3003 dormierit,
770 2933 817 2991 vel
837 2931 918 2991 illum
935 2932 1029 2993 decox-
1057 2972 1059 2983 ·

105 3018 173 3085 arit;
195 3018 224 3074 in
248 3012 334 3090 hujus
358 3020 453 3070 temen
479 3011 601 3083 defectu,
622 3015 646 3069 si
668 3010 735 3069 inde
757 3016 898 3072 contraxit
911 3014 1028 3092 aliquam

105 3097 208 3155 mentis
221 3092 465 3175 perturbationem,
486 3093 521 3152 ob
546 3093 621 3152 hanc
634 3091 762 3172 impediri
775 3100 866 3173 potest
885 3114 924 3154 ex
937 3115 1028 3154 conve·

106 3179 218 3239 pientia
262 3174 307 3234 Ita
319 3174 349 3232 S.
360 3174 500 3233 Thomas.

146 3260 194 3317 Ex
205 3256 361 3337 jamdictis
375 3254 521 3334 colligitur,
538 3254 679 3335 jejunium
690 3255 817 3315 naturale
830 3277 887 3316 non
901 3256 973 3317 solvi
984 3276 1030 3338 per

101 3359 131 3399 sc
151 3340 246 3398 nentia

133 3361 186 3477 q10·
204 3421 260 3480 Per
282 3438 325 3488 ea,
348 3437 409 3498 quae
431 3415 548 3476 interius
561 3417 724 3495 ingeruntur
736 3417 796 3477 sinc
809 3421 970 3499 sumptione
982 3439 1029 3485 ex·

104 3504 215 3563 teriori:
237 3520 264 3560 v.
278 3519 305 3578 g.
319 3502 342 3557 si
355 3497 479 3578 sanguis,
499 3496 597 3567 saliva,
612 3497 786 3578 phlegmata,
806 3498 888 3558 aliive
901 3499 1030 3561 humores

103 3585 140 3644 ab
161 3583 320 3653 intrinseco,
341 3600 366 3638 v.
391 3600 418 3658 g.
433 3583 452 3641 i
466 3581 558 3659 capite
572 3578 607 3638 ad
621 3598 653 3637 os
665 3579 822 3640 defluentes
834 3581 1022 3659 deglutiantur

103 3665 191 3725 Aliud
214 3661 393 3729 censendum,
415 3664 439 3720 si
452 3680 476 3721 v.
497 3679 525 3738 g.
544 3663 655 3737 sanguis
678 3681 715 3722 ox
728 3662 841 3724 vulnera
853 3660 1029 3742 digitiintro·

102 3755 229 3814 sumetur
258 3745 325 3829 quia
337 3744 457 3805 sumitur
469 3741 505 3802 ab
520 3745 690 3805 extrinseco.
881 3772 884 3777 ·
