2130 3990
88 106 150 165 320
464 124 643 168 rmcrauus

131 269 331 328 Excellentem
344 276 439 328 tamen
453 269 640 329 differentiam
651 271 724 329 inter
735 267 817 328 lrunc
830 262 929 324 cibum
947 267 1013 345 spirl-

87 350 193 411 tualem
209 357 239 408 et
251 351 423 429 corporalem
437 355 560 431 assignat
573 350 605 409 S.
619 351 790 430 Augustinus
817 346 870 408 lib.
893 347 925 406 7.
941 344 1015 406 conr.
1058 369 1065 378 '

90 451 153 510 cap.
171 431 217 492 10.
232 431 346 510 loquens
358 434 386 491 in
408 432 530 491 Persona
554 431 676 491 Christi:
709 429 833 490 “Cibus
856 446 921 486 sum
946 444 1016 503 gran·

95 512 174 571 dium
187 536 194 584 ;
218 532 320 582 cresce,
344 520 373 572 et
384 513 567 572 manducabis
581 531 646 571 me:
676 532 730 573 nec
741 521 777 571 tu
789 529 838 569 me
851 507 976 567 mutabis
993 511 1017 568 in

92 604 133 663 te,
155 597 228 652 sicut
240 592 333 652 cibum
348 597 436 653 carnis
451 602 517 665 tuae,
538 593 588 654 sed
602 602 633 652 tu
646 593 800 653 mutaberis
813 594 844 651 in
859 588 934 649 me.”

137 675 220 734 Nota
232 673 306 753 qudd
317 674 368 734 illa
384 675 445 754 jam
459 675 536 735 dicta
548 674 696 734 delectatio
718 671 872 754 spiritualis
884 690 959 751 saepe
971 690 1018 730 non

94 757 133 814 sit
145 755 298 827 sensibilis;
321 765 351 814 et
365 776 420 815 non
435 756 548 816 tantrim
560 757 730 835 impediatur
743 775 793 835 per
814 752 1019 831 negligentiam,

94 844 229 916 teporem,
249 836 456 896 distractionem
478 837 524 896 vel
542 838 661 895 nimium
682 835 817 896 affectum
843 834 884 892 ad
905 843 1019 901 terreum

95 919 144 975 sed
156 919 339 1056 saepegletiam
353 921 371 976 a
386 920 449 978 Deo
469 917 617 979 animabus
629 920 732 979 sanctis
745 924 867 996 negetur
879 913 917 974 ad
931 912 1021 994 proba·
1061 936 1065 1032 p

94 1000 210 1070 tionem,
263 1019 287 1057 c.

138 1078 178 1138 V.
202 1080 325 1156 Quartus
336 1079 519 1140 llucharistiae
532 1078 648 1139 effectus
658 1088 702 1139 est
709 1079 840 1139 remissio
848 1082 1021 1157 peccatorum
1049 1033 1065 1184 d

94 1161 255 1230 venialium,
270 1169 304 1219 ut
317 1160 398 1221 docet
408 1163 438 1220 S.
453 1161 561 1219 'l'hom
576 1160 623 1220 hic
636 1168 685 1221 art.
700 1163 728 1221 4.
736 1178 823 1239 quam
837 1158 1020 1218 remissionem
1048 1188 1056 1210 r·

98 1250 196 1300 causat
210 1240 359 1321 dupliciter
368 1242 421 1300 hoc
436 1242 671 1301 Sacramentum:
685 1240 852 1303 immediata
858 1248 935 1297 etex
947 1256 1019 1318 opera
1043 1215 1065 1287 ..κ

96 1330 219 1399 operato,
231 1321 468 1401 quemadmodum
479 1322 559 1381 cibus
572 1324 720 1405 corporalis
733 1330 847 1401 reparat
856 1317 1017 1401 quotidiana
1040 1295 1065 1368 ξ

99 1412 131 1461 et
144 1405 264 1462 minores
278 1402 407 1463 defectus
422 1405 595 1485 corporales;
618 1426 652 1463 ac
665 1402 801 1473 mediati,
824 1406 963 1483 quatenus
983 1420 1015 1478 per
1038 1407 1044 1448 l

96 1482 154 1541 hoc
163 1485 379 1542 Sacramentum
393 1483 627 1545 excitaturfcrvcr
635 1484 796 1554 charitatis,
806 1485 859 1564 qui
868 1481 1013 1561 directiop

98 1569 213 1642 ponitur
226 1568 349 1644 peccatis
364 1565 534 1636 venialibus;
549 1565 625 1624 unde
634 1565 735 1624 Concil
744 1565 829 1624 Trid.
844 1584 903 1623 sess
920 1561 1012 1641 l3.cap.
1036 1594 1041 1612 »
1053 1593 1065 1606 -

99 1646 130 1702 2.
159 1645 213 1704 hoc
241 1648 450 1706 Sacramentum
478 1656 562 1705 vocat
586 1646 756 1719 antidotum,
776 1666 834 1725 quo
859 1613 1065 1748 liberemini:

100 1727 190 1806 culpis
204 1726 373 1806 quotidianis
388 1751 394 1799 ;
417 1729 471 1787 illia
485 1746 597 1806 nempe,
619 1746 738 1807 quorum
752 1746 810 1786 non
836 1728 971 1785 retinetur
985 1724 1013 1783 rl·
1037 1747 1065 1830 ᾗ

100 1807 199 1881 fectus,
220 1817 249 1865 et
262 1807 298 1866 de
312 1809 413 1887 qulbus
427 1810 526 1886 aliquis
540 1809 620 1867 dolor
633 1828 683 1867 seu
696 1809 828 1867 contritio
843 1806 970 1866 habetur.
1047 1837 1065 1850 a

141 1891 186 1946 An
204 1888 385 1948 Eucharistia
399 1892 524 1948 remittat
537 1892 622 1948 etiam
637 1910 736 1963 poenas
748 1895 867 1968 peccalo
879 1886 1000 1947 debitas?
1039 1914 1055 1935 c

144 1971 184 2027 R.
198 1971 292 2029 Juxta
302 1972 333 2029 S.
344 1969 487 2029 Thomam
496 1971 543 2029 hic
555 1979 606 2029 art.
620 1971 649 2029 5.
659 1990 713 2029 non
727 1969 861 2029 fecithoc
871 1966 1016 2027 immediati
1039 1933 1065 2008 l*

101 2062 133 2110 et
146 2051 262 2120 directe,
285 2058 422 2131 quatenus
436 2061 478 2110 est
488 2053 720 2110 Sacramentum:
741 2053 807 2128 quia
816 2054 858 2109 sic
868 2069 927 2107 non
940 2058 977 2107 est
987 2052 1017 2106 in·
1040 2009 1065 2149 Ι

105 2137 231 2192 stitutum
247 2133 282 2191 ad
296 2132 532 2205 satisfaciendum,
552 2132 602 2190 sed
611 2132 647 2191 ad
660 2131 837 2213 spiritualiter
847 2128 1018 2194 nutriendum,
1043 2153 1056 2176 ν

106 2213 161 2273 &c
176 2223 268 2291 potest
281 2224 373 2272 tamen
389 2214 442 2271 hoc
455 2214 547 2273 facere
570 2234 608 2271 cx
622 2214 804 2292 consequenti
818 2230 866 2270 scu
891 2210 1020 2281 indirecte,

107 2295 208 2353 utalia
222 2315 307 2373 opera
320 2295 403 2360 bona,
424 2296 563 2373 quatenus
578 2305 661 2372 auget
674 2294 860 2366 charitatem,
882 2290 938 2350 dcc.

148 2375 202 2432 VI.
216 2377 338 2452 Quintus
349 2376 433 2453 hujus
442 2376 746 2443 Sacramentiefsectus,
758 2374 857 2452 dequo
870 2371 1022 2431 S.Thomas

105 2465 157 2514 art.
175 2461 199 2514 6.
215 2466 258 2514 cst
281 2459 456 2534 praeservctio
471 2458 489 2513 d
502 2461 625 2536 pcccatis
648 2456 765 2526 futuris;
786 2452 950 2513 nouaclum
963 2472 1024 2512 mur-

105 2538 216 2606 talibus,
240 2537 371 2616 (quorum
386 2539 404 2593 ri
418 2537 548 2596 Concilio
558 2537 724 2596 Tridentino
735 2544 849 2594 vocatur
862 2534 1022 2607 antidotum)

106 2618 157 2675 sed
171 2623 257 2677 etiam
272 2618 452 2677 dveniallbus
466 2641 471 2676 :
488 2628 516 2678 et
529 2618 591 2676 idco
603 2619 629 2675 S.
641 2619 770 2677 Thomas
781 2615 1025 2695 dicitsimpliciter:

106 2703 127 2758 c*
138 2701 412 2780 peccatzssctrrris:
434 2697 573 2778 quomodo
587 2708 682 2759 autem
696 2699 724 2758 id
739 2697 853 2766 efficiat,
874 2696 941 2756 vide
964 2695 1028 2775 apud

109 2786 140 2838 S.
157 2782 309 2845 l'lromam
325 2790 376 2840 art.
397 2780 426 2839 6.
441 2783 469 2838 in
489 2782 574 2858 Corp.

155 2865 190 2920 m
203 2863 270 2921 hinc
283 2865 384 2934 evcnit,
405 2861 479 2940 quod
491 2862 648 2940 frequenter
660 2861 900 2919 communicantes
914 2878 978 2917 cum
991 2857 1028 2915 de·

110 2944 170 3001 bita
183 2947 384 3022 preparatione
397 2945 494 3010 rarius,
515 2946 571 3002 irnd
584 2946 629 3002 vix
645 2943 768 3021 unquam
791 2949 913 3019 peccent
938 2948 1028 2998 morta·

110 3025 192 3095 litcr;
216 3025 262 3082 ubi
277 3027 449 3082 contrarium
477 3044 551 3103 sape
565 3024 668 3083 accidit
680 3027 707 3083 in
723 3026 784 3082 rard
799 3032 828 3080 et
840 3024 920 3100 quasi
945 3020 1030 3079 coacti

112 3105 394 3163 communicantibus·
1060 3151 1061 3156 ,

158 3189 249 3244 Exco
264 3198 366 3256 tamen,
388 3186 463 3264 quod
478 3189 537 3262 quis
558 3188 658 3245 iterum
673 3192 773 3264 peccet
800 3184 965 3253 mortaliter,
983 3202 1030 3241 nou
1055 3229 1065 3240 ,.

112 3277 204 3347 potest
218 3267 321 3340 inferri,
342 3270 435 3346 ipsum
458 3267 574 3346 indigne
597 3269 825 3334 communicasse,
847 3264 891 3323 vel
910 3263 1026 3323 effectum
1053 3303 1065 3320 ..

117 3350 302 3408 Eucharistiae
318 3369 372 3407 non
387 3369 448 3407 essa
461 3349 733 3425 praeservationemri
750 3349 870 3426 peccatis
883 3347 985 3423 aquia,
1004 3352 1026 3402 ul
1064 3387 1065 3390 ,

115 3431 187 3488 dicit
200 3432 229 3489 S.
247 3431 354 3490 'l'lrom
376 3439 427 3492 art.
442 3428 472 3489 6.
487 3429 523 3490 ad
553 3428 579 3486 l.
603 3429 723 3490 “Licet
749 3429 806 3488 hoc
829 3427 1022 3488 Sacramentum
