2130 3990
416 196 635 247 susannem.
935 172 994 248 tte

98 347 242 431 Speoialis
264 340 414 409 difficultas
433 340 610 410 sansana
623 336 775 429 baptizatas
788 346 824 406 ab
837 334 991 408 obstetrici-

61 428 122 499 bus,
153 446 259 509 pueros
277 431 463 509 exposititios,
484 438 514 489 et
536 429 695 509 baptizatos
717 427 753 487 ab
777 429 933 503 Hareticis,
954 430 992 489 de

63 510 460 591 quibuseingulisspeoiatim.
614 542 617 547 ·

67 714 105 775 u.
133 714 186 775 ss.
217 698 276 775 nu
304 710 529 775 sacomam
562 713 616 773 aa
648 710 990 777 oasnnuaicmus

301 794 403 857 sinn
426 792 755 855 nasammonas

69 975 88 1037 l.
108 974 269 1055 Baptizati
290 976 326 1049 ab
348 977 509 1037 obstetrice.
541 977 583 1037 ΙΙ.
606 976 705 1037 ducta
728 975 835 1037 malta
849 996 905 1037 econ
921 987 992 1037 sunt

99 1057 293 1134 generaliter,
316 1058 375 1119 llI.
389 1059 538 1138 eedjsmta
551 1057 711 1118 Pasterale
723 1063 794 1117 sunt
807 1056 990 1135 generaliter

69 1170 72 1175 ·
99 1137 317 1216 rebaptizandi,
338 1138 395 1199 IV.
414 1139 455 1201 Ut
468 1144 630 1199 etiamnum
638 1140 848 1218 practicatur:
870 1138 908 1199 V.
931 1141 990 1198 uisi

97 1228 215 1283 comet
224 1218 395 1302 specialiter
406 1222 442 1281 de
456 1221 617 1301 Baptiemo.

112 1398 153 1461 In
166 1400 340 1462 resolutione
352 1401 438 1484 hujus
450 1398 613 1484 questionis
629 1402 754 1466 liitualia
770 1401 942 1477 Ritnelibus‚
963 1410 992 1463 et

61 1480 205 1561 Authoree
218 1480 393 1565 Aetheribus
405 1494 592 1565 opponentur.

66 1604 69 1611 ·
93 1564 127 1623 Ἰ.
141 1562 235 1623 Varie
246 1564 372 1624 Ritnalia
383 1567 482 1627 volunt
494 1568 522 1625 ia
537 1587 617 1636 essu,
632 1563 853 1625 examinandam
867 1586 927 1625 esse
940 1567 989 1625 ob-

60 1645 182 1707 stetricis
194 1645 224 1704 in
238 1644 458 1707 administrando
473 1647 619 1728 Baptismo
632 1647 787 1716 scientiam,
810 1645 990 1726 prudentiam

60 1736 89 1785 et
99 1724 221 1785 modam
234 1725 394 1807 applicandi
408 1730 553 1789 materiam
566 1738 597 1787 et
608 1728 739 1802 termam,
759 1728 799 1787 sic
820 1727 936 1807 quidem
961 1738 992 1788 ut

60 1806 234 1889 baptizatum
246 1806 283 1866 ab
296 1808 446 1869 obstetrice
459 1811 545 1870 velint
559 1808 750 1869 conditionate
770 1809 945 1888 rebaptizari,
965 1811 990 1866 si

60 1890 97 1953 ut
106 1890 183 1949 ratio
196 1888 369 1968 suspicandi,
383 1890 459 1970 qued
473 1890 580 1970 aliquid
594 1890 741 1950 essentiale
750 1888 862 1949 forsitan
872 1888 991 1950 defuerit

60 1988 98 2029 ex
115 1968 278 2030 obstetricis
297 1972 446 2050 imperitia,
475 1971 641 2045 turbatione,
671 1968 726 2029 dcc.
758 1970 829 2049 aliis
843 1974 913 2047 ¹verb
932 1978 989 2030 nott

61 2066 120 2111 ene
138 2045 380 2131 rebaptizandum,
397 2052 447 2112 sed
467 2059 573 2112 tentam
594 2051 763 2133 supplendas
782 2070 843 2110 esse
858 2066 989 2113 caterno·

62 2150 129 2192 nim.

100 2212 240 2283 Quinimo
252 2210 336 2274 docet
349 2213 518 2274 Benedictus
532 2214 618 2275 XIV.
640 2213 690 2273 lib.
702 2214 730 2274 7.
755 2216 792 2273 de
805 2212 875 2290 Spu.
892 2213 986 2273 Diae.

64 2294 179 2375 enpd.
201 2294 287 2374 quid,
306 2294 535 2365 ubiobstetrioes‚
558 2316 626 2375 quas
650 2302 759 2355 constan
780 2294 906 2374 legitime
928 2314 988 2354 esse

63 2373 234 2435 ademunde
256 2376 447 2436 essentialibus
467 2377 642 2437 sacramenti
659 2378 803 2457 Baptismi,
824 2384 989 2455 attestantur

65 2454 199 2535 Pmocbo,
221 2458 318 2515 omnia
332 2457 350 2514 is
363 2477 393 2516 se
406 2478 466 2516 esse
479 2458 530 2518 rite
543 2459 680 2525 adbibita,
694 2479 756 2538 que
771 2457 807 2516 ad
821 2459 988 2516 Sacramen-

63 2546 116 2597 tum
142 2537 237 2597 valide
263 2538 474 2598 conficiendum
502 2543 688 2619 requiruntur,
717 2539 796 2599 nulla
814 2545 882 2596 tuno
901 2537 990 2597 subsit

64 2618 210 2697 probabilis
223 2621 304 2686 ratio,
326 2639 377 2679 cur
399 2620 559 2700 Baptismus
573 2621 675 2680 debeat
687 2629 737 2681 eut
748 2619 824 2681 licite
838 2622 923 2698 possit
936 2620 988 2676 sub

63 2700 220 2759 obeditione
232 2701 329 2778 repeti.

97 2776 139 2838 ll.
163 2781 245 2840 Hine
257 2783 307 2849 ait,
330 2780 527 2860 improbandas
540 2801 600 2840 esse
613 2778 755 2860 Synodoe,
775 2782 803 2838 io
826 2779 926 2860 quibus
940 2800 984 2857 go-

64 2863 178 2941 neratim
192 2870 276 2938 atque
289 2861 449 2922 indistinctis
459 2866 557 2921 iterum
569 2862 620 2920 sub
639 2861 797 2920 conditione
809 2861 943 2940 baptizari
955 2864 985 2920 in

66 2942 192 3002 aeneia
209 2942 351 3021 jubentur,
384 2936 556 3024 quicumque
569 2946 694 3021 privatim
708 2941 791 3001 faire
810 2941 846 2999 ab
860 2940 986 3002 obstetri-

64 3024 138 3083 cibus
151 3023 232 3083 domi
251 3023 389 3103 baptizati
401 3045 407 3081 :
428 3025 514 3083 videri
528 3026 613 3082 etiem
627 3032 721 3102 potest
733 3024 868 3082 institutio
882 3023 941 3102 ejus
956 3022 986 3081 8.

64 3103 148 3163 0184.
165 3104 227 3165 111.
241 3105 424 3164 nibilominus
435 3105 576 3163 l'estorale
585 3104 790 3162 Meebliniense
809 3104 865 3182 (cui
876 3102 986 3162 conier-

64 3186 110 3243 mis
118 3194 161 3244 est
172 3186 306 3264 Synodus
321 3186 443 3265 lprensis
453 3185 504 3244 sub
518 3184 673 3265 Rythovio)
685 3185 763 3263 jussu
775 3186 893 3245 ioannis
903 3182 986 3242 Hau-

63 3257 136 3324 sistat
148 3265 270 3333 editam,
295 3268 379 3325 etiam
391 3278 455 3347 post
468 3267 687 3342 recognitionem
701 3262 805 3324 factam
819 3265 987 3324 authoritate

64 3345 179 3406 Mathia
189 3346 284 3416 Hovii,
295 3351 460 3426 generaliter
468 3347 592 3406 resolvit:
607 3345 824 3405 “conditionalis
833 3345 986 3426 baptizatio

62 3426 243 3487 iaciendaest
252 3428 465 3501 circeiafantes
477 3431 524 3506 qui
535 3427 569 3485 ab
581 3426 772 3486 obstetricibus
786 3426 916 3505 baptizati
926 3446 988 3486 esse

62 3507 226 3567 referuntur.
267 3508 308 3567 Et
322 3514 449 3568 iterum:
471 3513 494 3567 si
517 3529 545 3566 re
566 3507 712 3585 diligenter
733 3510 883 3587 perquisiti
905 3507 988 3567 fuerit

62 3587 185 3660 dubium,
206 3595 299 3649 utriim
314 3609 384 3669 puer
397 3593 434 3649 sit
448 3591 613 3669 baptizatus,
635 3589 675 3648 vel
690 3590 712 3650 si
727 3593 762 3651 sit
776 3588 935 3669 baptizatas
950 3588 986 3647 ab

60 3669 216 3746 obstetrice,
237 3671 289 3732 sub
303 3670 461 3734 conditione
474 3669 661 3808 bapgizeturff

501 3769 520 3809 a
