2130 3990
307 216 349 260 ne
370 217 545 262 secnirrcm
567 218 673 263 nissen.
902 198 963 263 368

79 423 125 484 N.
147 421 177 484 4.
199 422 258 483 Du
280 421 490 484 ESSENTIA
511 423 740 485 SACRlFICII
762 424 911 486 MISSAE.

67 585 141 653 Qua
155 580 302 645 Hostiuin
312 586 472 654 Sacrificio
482 586 595 646 Messe.
618 588 659 648 11.
676 586 712 646 N
712 586 860 648 ullatenus
869 593 963 668 punis

62 675 98 726 et
111 670 220 728 uinum.
246 666 305 726 ΙΙΙ.
319 661 453 728 Eleuute‘o
465 667 577 728 Hostia
585 687 642 728 non
658 675 703 727 est
714 689 783 745 pure
793 671 962 730 essentialis

66 747 231 825 &crffieii
252 769 307 807 nec
322 749 442 828 fractio
460 752 628 828 specierum,
677 749 729 809 Il’.
753 751 857 830 Neque
883 772 959 811 com-

62 834 172 889 munio
197 829 377 889 Sacerdotis.
420 829 460 891 V.
494 831 628 909 Christus
650 836 776 909 sumpsit
793 834 907 911 Corpus
932 842 962 893 et

65 909 253 988 Sanguinem
277 914 307 969 in
329 910 429 971 ultima
455 912 549 972 Ceno.
591 912 647 971 Vl.
667 913 837 972 Communia
854 917 959 974 Sacer-

63 992 205 1052 dotieeet
226 1011 302 1071 pars
328 993 490 1069 integralis
510 992 671 1069 Sacrificii.
715 993 787 1054 Vll.
816 995 960 1055 Essentia

49 1072 221 1149 .Sacnficii
232 1076 366 1134 consentit
379 1076 409 1132 in
423 1079 643 1135 consecratione
657 1080 808 1151 utriusque
817 1081 940 1156 speciei.

66 1236 208 1296 Nemnis
222 1236 358 1296 Sacrificii
372 1244 433 1296 tum
443 1258 485 1296 ree
498 1237 603 1311 oblata,
616 1246 677 1296 tum
692 1239 768 1297 ectio
780 1239 962 1299 sacrificative

48 1317 201 1396 stelligitur,
220 1327 250 1376 et
272 1327 420 1398 utrumque
441 1319 579 1378 sacrificii
604 1320 701 1378 Missae
724 1321 848 1379 essentie
870 1322 962 1400 expli·

48 1398 125 1459 nde
139 1400 225 1458 cousi
237 1399 470 1459 considerandum
483 1410 532 1458 est.

64 1480 218 1551 Quidnam
233 1490 277 1539 est
288 1481 392 1539 Hostia
403 1484 460 1539 sive
474 1502 515 1540 res
529 1480 626 1539 oblate
638 1482 667 1538 in
684 1481 783 1539 Miseae
797 1479 961 1539 Sacrificio?

60 1560 88 1620 Ι.
115 1561 154 1620 R.
176 1562 233 1620 Per
243 1582 274 1620 se
286 1563 344 1620 siue
357 1565 384 1620 vi
397 1562 541 1620 verborum
554 1561 662 1620 Hostia
670 1563 699 1620 in
713 1562 810 1620 Missae
816 1562 961 1620 Sacrificio

48 1652 65 1717 tt
82 1643 199 1702 Christi
215 1643 329 1719 Corpus
340 1650 369 1701 et
384 1643 526 1720 Sanguis,
538 1664 593 1701 non
604 1642 716 1722 quidem
725 1642 898 1720 simpliciter,
908 1641 960 1700 scd

48 1723 241 1804 tbepece'ebus
254 1723 352 1783 Panis
365 1735 394 1785 et
404 1724 436 1781 V
434 1728 480 1783 ini
486 1749 498 1792 ,·
511 1727 667 1783 actioenim
679 1725 863 1784 sacrificetive
872 1727 960 1802 primo

48 1825 121 1885 ‚per
134 1826 165 1864 se
187 1808 299 1884 attingit
322 1806 433 1885 Corpus
456 1814 486 1863 et
499 1808 690 1883 Sanguinem:
711 1826 749 1863 ex
777 1806 959 1882 consequenti

48 1904 122 1945 ‚men
144 1906 192 1944 seu
220 1905 272 1964 per
285 1890 542 1959 concomitantiam,
563 1907 604 1944 res
625 1886 729 1954 oblate,
751 1887 808 1943 sive
835 1890 959 1955 victima,

48 1967 314 2042 intermontium,
334 1967 434 2027 eedem
449 1971 553 2048 quippe
575 1975 618 2024 est
639 1967 773 2027 Sacrificii
796 1969 904 2025 cruenti
930 1974 961 2025 et

50 2051 166 2109 cruenti
180 2051 309 2107 victime:
332 2049 394 2108 vide
409 2049 489 2106 Trid.
503 2070 570 2108 sess.
584 2047 633 2105 22.
650 2069 711 2127 cap.
725 2050 750 2105 l..
765 2055 792 2104 et
805 2049 835 2106 2.

66 2131 174 2189 Dices:
198 2129 370 2188 Sacrificium
384 2137 426 2188 est
438 2130 621 2189 essentialiter
633 2129 739 2188 oblatio
750 2131 789 2186 rei
800 2125 939 2187 sensibilis
950 2148 957 2184 :

48 2230 95 2290 go
108 2214 216 2291 species
226 2211 310 2270 Panis
325 2221 355 2269 et
369 2211 439 2271 Vini
453 2215 593 2289 pertinent
605 2209 641 2268 ed
655 2213 790 2269 rationem
805 2211 844 2267 rei
858 2208 959 2267 oblatu

48 2291 213 2352 isacrificio
226 2295 373 2371 requisitu.

69 2374 110 2433 R.
134 2376 286 2451 Distinguo
300 2393 494 2452 consequens:
516 2392 584 2449 ergo
610 2373 716 2452 species
731 2372 817 2429 Panis
838 2378 877 2429 et.
891 2368 961 2429 Vini

48 2456 170 2515 ertinent
183 2455 217 2512 ed
234 2459 368 2513 rationem
385 2457 424 2512 rei
438 2454 540 2512 oblatae
553 2456 581 2512 in
597 2464 671 2511 recto
684 2463 818 2532 tunquam
833 2472 896 2532 pers
920 2450 963 2510 rei

48 2535 142 2610 bletoe,
163 2555 227 2613 neg.
250 2555 362 2613 conseq.
376 2559 383 2605 ;
406 2539 434 2592 in
450 2535 565 2613 obliquo
576 2543 711 2612 tanquam
725 2535 850 2592 conditio
864 2553 959 2591 neces·

48 2619 102 2676 irie
121 2618 163 2676 rei
176 2617 287 2682 oblate,
303 2635 353 2694 per
366 2636 433 2694 quas
448 2616 557 2694 Corpus
571 2625 601 2674 et
609 2618 726 2690 Sanguis
735 2615 886 2672 redduntur
900 2635 964 2672 sen·

47 2698 134 2767 ubiles,
157 2708 187 2756 ut
200 2701 238 2756 sit
250 2696 416 2755 sacrificium
430 2697 567 2766 sensibile,
589 2696 713 2754 concedo
723 2706 812 2753 totum
826 2715 832 2750 :
852 2697 961 2752 interim

47 2784 136 2859 pecies
163 2788 229 2837 eunt
256 2798 320 2858 pers
348 2780 388 2836 rei
414 2778 515 2836 oblatae
548 2785 581 2834 ut
612 2778 758 2834 existentis
796 2778 824 2834 iu
857 2781 961 2833 ratione

47 2864 226 2919 tentamenti:
249 2863 289 2917 ita
302 2880 364 2918 can.
388 2877 451 2917 noc
467 2875 529 2927 ner,
551 2861 584 2916 de
601 2859 825 2916 Consecratioue
839 2857 960 2914 distinct

47 2976 60 2998 ·.
80 2942 183 3000 dicitur
196 2942 250 3000 hoc
273 2942 448 2998 Sacrificium
467 2940 575 2996 duobus
599 2949 735 3008 constare,
756 2938 855 2996 visibili
869 2940 962 3015 specie

49 3025 239 3091 lementorum,
262 3032 289 3081 et
299 3021 427 3080 invisibili
443 3023 559 3079 Domini
570 3023 655 3078 nostri
667 3020 738 3078 ¹lesu
752 3019 859 3078 Christi
870 3020 963 3076 Cerne

48 3106 227 3181 tSnnguine.

71 3186 113 3245 ΙΙ.
137 3187 222 3243 Puuis
236 3193 265 3241 et
279 3183 387 3242 Vinum
403 3183 570 3256 nullatenus,
584 3201 637 3241 uec
650 3180 814 3253 inchoetive,
837 3201 887 3238 nec
900 3199 965 3259 per·

47 3269 143 3334 inliter,
167 3287 218 3324 nec
233 3268 325 3323 minim
340 3265 528 3342 principaliter
548 3272 613 3322 sunt
635 3263 745 3329 Hostia,
761 3263 859 3341 quaein
875 3262 967 3320 Sacri·

47 3349 100 3407 icio
117 3348 149 3405 M
155 3350 215 3405 issm
231 3345 360 3404 offertur:
386 3345 493 3402 hubent
506 3362 599 3403 tamen
614 3346 778 3403 relationem
794 3343 916 3422 aliquem
931 3343 967 3401 nd

47 3428 225 3499 {conticium
246 3435 359 3506 putent
380 3431 497 3485 materia
511 3428 656 3498 transiens,
677 3447 732 3484 non
755 3428 890 3484 Sucrilicii
907 3429 968 3505 qui-

47 3511 109 3580 lem‚
130 3511 177 3567 sed
191 3510 374 3568 Sacrarneuti.

76 3592 218 3658 Quaenam
245 3593 272 3648 in
300 3589 390 3648 Missa
404 3591 478 3647 actio
502 3598 553 3657 est,
575 3590 604 3646 in
619 3587 686 3667 squo
710 3590 832 3648 consistit
851 3589 974 3647 essentie
1011 3614 1019 3687 p

47 3670 193 3731 lectificii?

482 3769 546 3830 211
