2130 3990
339 227 381 270 nn
410 224 631 270 nnonrnrsnrr.
887 208 954 270 267·

51 411 60 428 .
85 368 132 427 18.
156 370 312 440 QUAM&
330 372 452 431 PANIS
473 374 542 431 SIT
571 373 768 432 MATERIA
790 372 946 435 CONSE-

352 452 612 512 CRATIONIS?

262 635 292 694 S.
303 628 402 696 Thone.
417 646 519 716 quaest.
534 635 582 694 74.
597 645 652 698 art.
667 635 697 694 3.

65 815 124 875 Est
132 820 226 894 parim
234 820 379 891 triticeus,
393 818 435 876 11.
455 818 597 879 Ratr'oraes
610 823 815 896 congruentia.
832 820 890 878 111.
903 822 949 879 Dc

53 901 251 975 pencmriclo.
274 898 331 959 1V.
348 899 525 979 Requirc‘lur
543 903 637 980 panis
646 903 766 979 pronde
780 903 888 969 dictus,
910 901 948 960 V.

61 977 211 1038 Decoctrrs
225 980 303 1060 aqud
317 981 460 1056 naturali,
481 981 535 1041 VI.
556 983 598 1041 Et
611 984 804 1060 incorruptus.

61 1160 88 1222 1.
112 1162 205 1222 Rnsn.
227 1162 310 1222 Solus
322 1163 406 1223 Pnnis
429 1167 553 1225 triticeus
566 1173 609 1222 est
630 1166 747 1224 materie
767 1164 952 1224 consecratio·

48 1245 217 1323 sCorporis.

61 1324 199 1385 Probatur
207 1346 246 1384 ex
257 1333 392 1406 perpetus
401 1329 483 1406 praxi
492 1333 520 1385 ct
527 1325 676 1385 traditione
703 1326 835 1385 Ecoleriee
846 1325 954 1385 Grucu

48 1406 188 1480 ·.Letinae,
201 1414 232 1465 et
245 1424 285 1465 ex
299 1409 425 1466 Concilio
441 1408 564 1467 Florent.
580 1410 667 1465 citnto
679 1409 708 1464 in
724 1409 865 1466 Prolirnio.

63 1485 183 1547 Elfficnx
198 1490 267 1545 ratio
280 1496 325 1546 est
345 1489 406 1547 sole
429 1489 555 1547 voluntas
579 1488 694 1557 Christi,
717 1491 769 1568 qui
781 1490 910 1547 creditur
923 1491 953 1546 in

48 1570 116 1649 rrius
127 1569 224 1629 Panis
234 1574 335 1646 specie
347 1570 405 1629 tlon
420 1570 640 1629 Sacramentum
664 1571 843 1637 irruiturum,
864 1572 958 1649 inquit

48 1695 55 1709 .
71 1649 203 1709 Thomas
217 1650 271 1708 lroc
285 1650 355 1708 loco.
564 1698 566 1702 ,
962 1682 965 1687 -

65 1728 108 1791 11.
129 1730 268 1790 Rationes
281 1732 367 1793 etium
380 1734 571 1809 congruentiae
586 1731 692 1789 ibidem
712 1729 760 1790 det
771 1733 801 1792 S.
817 1731 955 1799 Thomas,

48 1811 133 1871 cilicet
146 1811 221 1891 quiid
237 1812 321 1870 Panis
334 1816 458 1872 triticeus
480 1816 654 1871 communitis
678 1811 755 1891 apud
776 1813 903 1870 homines
923 1815 959 1871 sit

48 1912 141 1964 rueu;
163 1912 230 1952 nem
244 1893 292 1952 elii
303 1912 389 1971 panos
406 1891 525 1972 (inquit)
542 1894 670 1952 videntur
684 1893 833 1952 introducti
860 1897 888 1952 in
904 1893 955 1951 hu-

48 1994 72 2033 rr
86 1973 174 2033 Panis
187 1973 347 2032 defectum:
370 1975 473 2033 deinde
494 1978 561 2052 quin
584 1979 670 2052 megin
698 1975 846 2047 confortat,
875 1983 905 2032 ot
918 1977 959 2033 ito

48 2055 236 2115 nnrenientiris
250 2055 388 2132 significet
400 2055 534 2114 effectum
550 2055 635 2134 hujus
650 2057 836 2114 sacramenti.

65 2134 149 2195 Hinc
174 2137 283 2214 collige,
312 2136 462 2195 invalidam
486 2137 546 2195 fore
569 2139 808 2195 consecrationem
831 2139 859 2194 in
886 2156 962 2215 peno

48 2217 158 2275 onfecto
172 2237 210 2275 ex
237 2216 317 2285 fabis,
341 2218 413 2296 pisi«,
436 2221 578 2286 coetaneis,
601 2219 714 2286 hordeo,
743 2217 831 2275 svend
845 2217 961 2296 aliisque

48 2297 178 2369 imilihus,
192 2318 253 2376 qnae
267 2301 359 2375 specie
373 2299 504 2357 differunt
518 2300 536 2355 ri
549 2301 641 2357 tritico
657 2319 663 2354 :
686 2300 787 2378 quibus
801 2301 831 2355 S.
847 2299 958 2358 Thom.

48 2379 214 2459 quibusdem
230 2379 501 2458 contradicentibus)
518 2389 685 2440 annumeret
697 2379 751 2447 ior,
786 2379 906 2461 speltam
933 2388 962 2440 ot

48 2460 168 2519 tnidum.
874 2469 877 2474 “

70 2541 181 2600 Panem
196 2540 353 2617 siligineum
382 2550 515 2622 tanquam
535 2545 679 2600 materiem
708 2540 897 2600 sufficientem
911 2539 961 2598 ed·

48 2622 160 2682 nittitS.
174 2621 303 2680 Thomas
325 2622 421 2681 hinad
448 2623 476 2679 2.
499 2623 599 2682 Plures
621 2634 714 2683 tamen
737 2632 856 2700 nogent:
885 2621 961 2679 unde

48 2704 206 2762 cimeteria
224 2701 318 2759 dubie.

71 2784 159 2844 Unde
174 2803 226 2841 nec
241 2785 270 2840 in
284 2803 357 2861 pene
371 2784 510 2861 siligineo,
531 2787 624 2843 necin
650 2785 746 2864 quevis
767 2783 823 2842 alin
845 2784 962 2840 materia

48 2864 119 2930 lubin
131 2864 200 2923 licet
212 2884 381 2936 consecrare,
395 2868 480 2923 etism
495 2869 524 2924 in
539 2868 711 2924 necessitato.
719 2864 795 2923 Vide
810 2866 899 2923 Num.
913 2862 960 2921 13.

48 2948 70 3003 le
80 2945 213 3003 Sacram.
228 2947 259 3003 r‘n
273 2965 392 3021 genere.

74 3027 192 3096 Quidni
207 3026 290 3085 Punis
310 3026 384 3087 foret
397 3025 541 3085 coniectus
556 3029 656 3106 partim
678 3046 715 3085 ox
742 3029 841 3098 tritico,
864 3025 962 3105 purtim

48 3128 72 3166 rx
85 3108 140 3167 elio
154 3126 239 3186 grano
254 3111 263 3164 l
759 3160 763 3165 .

76 3188 131 3248 111.
158 3190 193 3246 R.
215 3187 245 3246 St
261 3186 398 3246 edrnixtio
410 3188 521 3248 alterins
535 3192 614 3266 grnni
635 3187 709 3247 foret
729 3199 788 3247 tarn
802 3191 917 3266 exigue,
932 3193 964 3246 ut

48 3270 134 3330 nornli
149 3271 330 3328 (estimatione
346 3269 430 3329 Panis
447 3281 589 3329 censeatur
611 3270 704 3329 adhuc
727 3273 857 3338 triticeus,
893 3279 962 3327 tuno

48 3361 109 3411 isset
121 3351 240 3410 motoria
254 3347 396 3408 sufficiens
408 3375 415 3423 ;
438 3350 507 3410 alius
521 3373 587 3410 non.
642 3352 672 3409 S.
684 3351 789 3410 Thorn.
820 3351 868 3408 hic
882 3350 918 3408 sd
932 3349 961 3406 3.

80 3432 134 3490 IV.
152 3434 230 3490 llum
248 3432 333 3490 Panis
348 3433 472 3492 triticeus
487 3433 589 3491 dicitur
602 3435 719 3490 materie
733 3433 966 3504 consecrationis,

48 3514 200 3591 intelligitur
239 3512 301 3571 tulis
330 3508 414 3572 Panis
442 3533 522 3572 verus
549 3523 578 3591 et
604 3513 716 3592 proprie
751 3513 859 3601 dictrffi
889 3512 965 3571 unde

48 3615 95 3654 non
122 3592 261 3655 sufficeret
287 3614 377 3653 rnnsse
401 3593 498 3655 ferinae
522 3597 637 3655 triticeae
665 3595 738 3673 aqud
762 3595 886 3681 subnoto,
917 3598 990 3669 out,

503 3774 520 3816 Ζ
