<?xml version="1.0" encoding="UTF-8"?>
<!DOCTYPE html PUBLIC "-//W3C//DTD XHTML 1.0 Transitional//EN"
    "http://www.w3.org/TR/xhtml1/DTD/xhtml1-transitional.dtd">
<html xmlns="http://www.w3.org/1999/xhtml" xml:lang="en" lang="en">
 <head>
  <title>
</title>
<meta http-equiv="Content-Type" content="text/html;charset=utf-8" />
  <meta name='ocr-system' content='tesseract 3.04.00' />
  <meta name='ocr-capabilities' content='ocr_page ocr_carea ocr_par ocr_line ocrx_word'/>
</head>
<body>
  <div class='ocr_page' id='page_1' title='image "./theologiamorali02densgoog_0349.png"; bbox 0 0 2130 3990; ppageno 0'>
   <div class='ocr_carea' id='block_1_1' title="bbox 65 114 609 175">
    <p class='ocr_par' dir='ltr' id='par_1_1' title="bbox 65 114 609 175">
     <span class='ocr_line' id='line_1_1' title="bbox 65 114 609 175; baseline -0.004 0"><span class='ocrx_word' id='word_1_1' title='bbox 65 114 127 175; x_wconf 74' lang='grc'><strong>342</strong></span> <span class='ocrx_word' id='word_1_2' title='bbox 432 130 609 175; x_wconf 74' lang='lat' dir='ltr'><strong>ruamur-us</strong></span> 
     </span>
    </p>
   </div>
   <div class='ocr_carea' id='block_1_2' title="bbox 60 272 1025 3522">
    <p class='ocr_par' dir='ltr' id='par_1_2' title="bbox 60 272 1025 519">
     <span class='ocr_line' id='line_1_2' title="bbox 60 272 1025 365; baseline -0.003 -27"><span class='ocrx_word' id='word_1_3' title='bbox 60 276 264 357; x_wconf 83' lang='lat' dir='ltr'><strong>terrogaudus:</strong></span> <span class='ocrx_word' id='word_1_4' title='bbox 279 278 362 336; x_wconf 82' lang='lat' dir='ltr'><strong>sicuti</strong></span> <span class='ocrx_word' id='word_1_5' title='bbox 375 278 397 335; x_wconf 82' lang='lat' dir='ltr'><strong>ei</strong></span> <span class='ocrx_word' id='word_1_6' title='bbox 412 279 475 356; x_wconf 89' lang='lat' dir='ltr'><strong>quie</strong></span> <span class='ocrx_word' id='word_1_7' title='bbox 489 284 613 355; x_wconf 84' lang='lat' dir='ltr'><strong>tempore</strong></span> <span class='ocrx_word' id='word_1_8' title='bbox 626 273 812 354; x_wconf 78' lang='lat' dir='ltr'><strong>praefixouou</strong></span> <span class='ocrx_word' id='word_1_9' title='bbox 824 272 907 331; x_wconf 79' lang='lat' dir='ltr'><strong>soluit</strong></span> <span class='ocrx_word' id='word_1_10' title='bbox 919 292 988 335; x_wconf 80' lang='lat' dir='ltr'><strong>suurn</strong></span> <span class='ocrx_word' id='word_1_11' title='bbox 1017 330 1025 365; x_wconf 52' lang='lat'><strong>,</strong></span> 
     </span>
     <span class='ocr_line' id='line_1_3' title="bbox 63 353 1025 449; baseline -0.005 -31"><span class='ocrx_word' id='word_1_12' title='bbox 63 360 198 430; x_wconf 90' lang='lat' dir='ltr'><strong>debitum,</strong></span> <span class='ocrx_word' id='word_1_13' title='bbox 225 379 281 417; x_wconf 93' lang='lat' dir='ltr'><strong>uou</strong></span> <span class='ocrx_word' id='word_1_14' title='bbox 310 357 376 417; x_wconf 89' lang='lat' dir='ltr'><strong>ideo</strong></span> <span class='ocrx_word' id='word_1_15' title='bbox 401 360 571 437; x_wconf 82' lang='lat' dir='ltr'><strong>extinguitur</strong></span> <span class='ocrx_word' id='word_1_16' title='bbox 594 355 729 436; x_wconf 80' lang='lat' dir='ltr'><strong>obligatio</strong></span> <span class='ocrx_word' id='word_1_17' title='bbox 751 353 900 427; x_wconf 84' lang='lat' dir='ltr'><strong>solvendi,</strong></span> <span class='ocrx_word' id='word_1_18' title='bbox 922 356 990 415; x_wconf 71' lang='lat' dir='ltr'><strong>cedd</strong></span> <span class='ocrx_word' id='word_1_19' title='bbox 1017 410 1025 449; x_wconf 56' lang='lat'>¹</span> 
     </span>
     <span class='ocr_line' id='line_1_4' title="bbox 64 443 364 519; baseline -0.013 -19"><span class='ocrx_word' id='word_1_20' title='bbox 64 450 163 500; x_wconf 87' lang='lat' dir='ltr'><strong>eontra</strong></span> <span class='ocrx_word' id='word_1_21' title='bbox 175 449 255 519; x_wconf 81' lang='lat' dir='ltr'><strong>urget</strong></span> <span class='ocrx_word' id='word_1_22' title='bbox 266 443 364 517; x_wconf 78' lang='lat' dir='ltr'><strong>magis.</strong></span> 
     </span>
    </p>

    <p class='ocr_par' dir='ltr' id='par_1_3' title="bbox 63 516 1025 843">
     <span class='ocr_line' id='line_1_5' title="bbox 106 516 1025 615; baseline -0.004 -38"><span class='ocrx_word' id='word_1_23' title='bbox 106 521 145 579; x_wconf 93' lang='lat' dir='ltr'><strong>V.</strong></span> <span class='ocrx_word' id='word_1_24' title='bbox 174 521 253 580; x_wconf 88' lang='lat' dir='ltr'><strong>Hine</strong></span> <span class='ocrx_word' id='word_1_25' title='bbox 278 530 386 581; x_wconf 90' lang='lat' dir='ltr'><strong>eertum</strong></span> <span class='ocrx_word' id='word_1_26' title='bbox 406 527 457 587; x_wconf 83' lang='lat' dir='ltr'><strong>eet,</strong></span> <span class='ocrx_word' id='word_1_27' title='bbox 481 518 557 598; x_wconf 79' lang='lat' dir='ltr'><strong>quod</strong></span> <span class='ocrx_word' id='word_1_28' title='bbox 583 518 642 590; x_wconf 91' lang='lat' dir='ltr'><strong>ille,</strong></span> <span class='ocrx_word' id='word_1_29' title='bbox 667 518 706 578; x_wconf 91' lang='lat' dir='ltr'><strong>de</strong></span> <span class='ocrx_word' id='word_1_30' title='bbox 720 536 778 598; x_wconf 88' lang='lat' dir='ltr'><strong>quo</strong></span> <span class='ocrx_word' id='word_1_31' title='bbox 791 516 822 576; x_wconf 91' lang='lat' dir='ltr'><strong>iu</strong></span> <span class='ocrx_word' id='word_1_32' title='bbox 836 536 916 588; x_wconf 82' lang='lat' dir='ltr'><strong>cam,</strong></span> <span class='ocrx_word' id='word_1_33' title='bbox 931 516 989 574; x_wconf 82' lang='lat' dir='ltr'><strong>siut</strong></span> <span class='ocrx_word' id='word_1_34' title='bbox 1017 570 1025 615; x_wconf 45' lang='lat'><em>3</em></span> 
     </span>
     <span class='ocr_line' id='line_1_6' title="bbox 63 600 1025 689; baseline -0.008 -27"><span class='ocrx_word' id='word_1_35' title='bbox 63 624 139 662; x_wconf 84' lang='lat' dir='ltr'><strong>anuo</strong></span> <span class='ocrx_word' id='word_1_36' title='bbox 151 605 208 660; x_wconf 88' lang='lat' dir='ltr'><strong>sive</strong></span> <span class='ocrx_word' id='word_1_37' title='bbox 221 604 249 660; x_wconf 92' lang='lat' dir='ltr'><strong>iu</strong></span> <span class='ocrx_word' id='word_1_38' title='bbox 263 601 403 662; x_wconf 89' lang='lat' dir='ltr'><strong>Pascbate</strong></span> <span class='ocrx_word' id='word_1_39' title='bbox 416 601 583 681; x_wconf 88' lang='lat' dir='ltr'><strong>praecedenti</strong></span> <span class='ocrx_word' id='word_1_40' title='bbox 596 621 654 660; x_wconf 91' lang='lat' dir='ltr'><strong>non</strong></span> <span class='ocrx_word' id='word_1_41' title='bbox 666 600 896 670; x_wconf 80' lang='lat' dir='ltr'><strong>communicavit,</strong></span> <span class='ocrx_word' id='word_1_42' title='bbox 909 606 989 655; x_wconf 78' lang='lat' dir='ltr'><strong>teuer-</strong></span> <span class='ocrx_word' id='word_1_43' title='bbox 1018 618 1025 689; x_wconf 55' lang='lat'><strong>*¹</strong></span> 
     </span>
     <span class='ocr_line' id='line_1_7' title="bbox 64 677 1025 768; baseline -0.004 -25"><span class='ocrx_word' id='word_1_44' title='bbox 64 695 112 743; x_wconf 85' lang='lat' dir='ltr'><strong>tur</strong></span> <span class='ocrx_word' id='word_1_45' title='bbox 125 686 328 764; x_wconf 84' lang='lat' dir='ltr'><strong>quamprimum</strong></span> <span class='ocrx_word' id='word_1_46' title='bbox 345 684 483 743; x_wconf 88' lang='lat' dir='ltr'><strong>moraliter</strong></span> <span class='ocrx_word' id='word_1_47' title='bbox 489 685 811 763; x_wconf 85' lang='lat' dir='ltr'><strong>potesteommuuioare,</strong></span> <span class='ocrx_word' id='word_1_48' title='bbox 822 685 924 759; x_wconf 86' lang='lat' dir='ltr'><strong>utpote</strong></span> <span class='ocrx_word' id='word_1_49' title='bbox 936 677 989 739; x_wconf 75' lang='lat' dir='ltr'><strong>ultr</strong></span> <span class='ocrx_word' id='word_1_50' title='bbox 1019 734 1025 768; x_wconf 61' lang='grc' dir='ltr'>Ι</span> 
     </span>
     <span class='ocr_line' id='line_1_8' title="bbox 68 763 1025 843; baseline -0.006 -18"><span class='ocrx_word' id='word_1_51' title='bbox 68 770 280 825; x_wconf 83' lang='lat' dir='ltr'><strong>continuaturus</strong></span> <span class='ocrx_word' id='word_1_52' title='bbox 291 784 374 822; x_wconf 86' lang='lat' dir='ltr'><strong>suum</strong></span> <span class='ocrx_word' id='word_1_53' title='bbox 388 772 535 843; x_wconf 87' lang='lat' dir='ltr'><strong>peceatum</strong></span> <span class='ocrx_word' id='word_1_54' title='bbox 550 763 718 822; x_wconf 80' lang='lat' dir='ltr'><strong>omissionis.</strong></span> <span class='ocrx_word' id='word_1_55' title='bbox 1020 828 1025 835; x_wconf 50' lang='grc'><strong>,</strong></span> 
     </span>
    </p>

    <p class='ocr_par' dir='ltr' id='par_1_4' title="bbox 69 840 1025 2142">
     <span class='ocr_line' id='line_1_9' title="bbox 110 840 988 925; baseline -0.007 -22"><span class='ocrx_word' id='word_1_56' title='bbox 110 845 164 904; x_wconf 90' lang='lat' dir='ltr'><strong>Vl.</strong></span> <span class='ocrx_word' id='word_1_57' title='bbox 180 846 237 915; x_wconf 87' lang='lat' dir='ltr'><strong>Qui</strong></span> <span class='ocrx_word' id='word_1_58' title='bbox 250 853 346 905; x_wconf 88' lang='lat' dir='ltr'><strong>autem</strong></span> <span class='ocrx_word' id='word_1_59' title='bbox 360 844 516 925; x_wconf 83' lang='lat' dir='ltr'><strong>eipluribus</strong></span> <span class='ocrx_word' id='word_1_60' title='bbox 529 844 609 903; x_wconf 84' lang='lat' dir='ltr'><strong>aunis</strong></span> <span class='ocrx_word' id='word_1_61' title='bbox 623 863 680 902; x_wconf 92' lang='lat' dir='ltr'><strong>nou</strong></span> <span class='ocrx_word' id='word_1_62' title='bbox 691 840 988 922; x_wconf 83' lang='lat' dir='ltr'><strong>communicavitprop</strong></span> 
     </span>
     <span class='ocr_line' id='line_1_10' title="bbox 69 925 1025 1005; baseline -0.007 -19"><span class='ocrx_word' id='word_1_63' title='bbox 69 935 145 986; x_wconf 84' lang='lat' dir='ltr'><strong>terea</strong></span> <span class='ocrx_word' id='word_1_64' title='bbox 157 947 213 985; x_wconf 87' lang='lat' dir='ltr'><strong>nou</strong></span> <span class='ocrx_word' id='word_1_65' title='bbox 242 926 422 1003; x_wconf 87' lang='lat' dir='ltr'><strong>teneturjam</strong></span> <span class='ocrx_word' id='word_1_66' title='bbox 437 925 539 1005; x_wconf 80' lang='lat' dir='ltr'><strong>pluries</strong></span> <span class='ocrx_word' id='word_1_67' title='bbox 557 927 775 985; x_wconf 87' lang='lat' dir='ltr'><strong>communicare.</strong></span> <span class='ocrx_word' id='word_1_68' title='bbox 818 925 852 981; x_wconf 83' lang='lat' dir='ltr'><strong>si</strong></span> <span class='ocrx_word' id='word_1_69' title='bbox 866 926 929 981; x_wconf 81' lang='lat' dir='ltr'><strong>vero</strong></span> <span class='ocrx_word' id='word_1_70' title='bbox 940 941 990 1002; x_wconf 78' lang='lat' dir='ltr'><strong>sup</strong></span> <span class='ocrx_word' id='word_1_71' title='bbox 1022 944 1025 953; x_wconf 91' lang='lat'><strong>·</strong></span> 
     </span>
     <span class='ocr_line' id='line_1_11' title="bbox 71 1000 991 1086; baseline -0.004 -20"><span class='ocrx_word' id='word_1_72' title='bbox 71 1017 200 1085; x_wconf 87' lang='lat' dir='ltr'><strong>ponatur,</strong></span> <span class='ocrx_word' id='word_1_73' title='bbox 221 1006 297 1086; x_wconf 77' lang='lat' dir='ltr'><strong>quod</strong></span> <span class='ocrx_word' id='word_1_74' title='bbox 323 1006 394 1075; x_wconf 85' lang='lat' dir='ltr'><strong>talis,</strong></span> <span class='ocrx_word' id='word_1_75' title='bbox 416 1006 452 1065; x_wconf 88' lang='lat' dir='ltr'><strong>de</strong></span> <span class='ocrx_word' id='word_1_76' title='bbox 475 1026 529 1086; x_wconf 90' lang='lat' dir='ltr'><strong>quo</strong></span> <span class='ocrx_word' id='word_1_77' title='bbox 542 1007 570 1063; x_wconf 92' lang='lat' dir='ltr'><strong>in</strong></span> <span class='ocrx_word' id='word_1_78' title='bbox 596 1026 672 1074; x_wconf 87' lang='lat' dir='ltr'><strong>casu,</strong></span> <span class='ocrx_word' id='word_1_79' title='bbox 694 1000 991 1084; x_wconf 83' lang='lat' dir='ltr'><strong>temporeintermedio</strong></span> 
     </span>
     <span class='ocr_line' id='line_1_12' title="bbox 70 1082 994 1167; baseline -0.002 -21"><span class='ocrx_word' id='word_1_80' title='bbox 70 1109 97 1146; x_wconf 81' lang='lat' dir='ltr'><strong>v.</strong></span> <span class='ocrx_word' id='word_1_81' title='bbox 112 1108 141 1167; x_wconf 86' lang='lat' dir='ltr'><strong>g.</strong></span> <span class='ocrx_word' id='word_1_82' title='bbox 155 1090 183 1146; x_wconf 89' lang='lat' dir='ltr'><strong>in</strong></span> <span class='ocrx_word' id='word_1_83' title='bbox 197 1088 294 1147; x_wconf 82' lang='lat' dir='ltr'><strong>Natali</strong></span> <span class='ocrx_word' id='word_1_84' title='bbox 311 1088 428 1147; x_wconf 89' lang='lat' dir='ltr'><strong>Domini</strong></span> <span class='ocrx_word' id='word_1_85' title='bbox 435 1088 693 1153; x_wconf 81' lang='lat' dir='ltr'><strong>communicaverit,</strong></span> <span class='ocrx_word' id='word_1_86' title='bbox 707 1086 853 1145; x_wconf 74' lang='lat' dir='ltr'><strong>sustinent</strong></span> <span class='ocrx_word' id='word_1_87' title='bbox 867 1082 994 1145; x_wconf 88' lang='lat' dir='ltr'><strong>Houuoet</strong></span> 
     </span>
     <span class='ocr_line' id='line_1_13' title="bbox 73 1165 994 1249; baseline -0.002 -22"><span class='ocrx_word' id='word_1_88' title='bbox 73 1169 201 1238; x_wconf 89' lang='lat' dir='ltr'><strong>Billuart,</strong></span> <span class='ocrx_word' id='word_1_89' title='bbox 223 1168 297 1249; x_wconf 84' lang='lat' dir='ltr'><strong>quod</strong></span> <span class='ocrx_word' id='word_1_90' title='bbox 319 1168 392 1247; x_wconf 88' lang='lat' dir='ltr'><strong>jam,</strong></span> <span class='ocrx_word' id='word_1_91' title='bbox 410 1178 551 1227; x_wconf 85' lang='lat' dir='ltr'><strong>transacto</strong></span> <span class='ocrx_word' id='word_1_92' title='bbox 578 1176 704 1248; x_wconf 87' lang='lat' dir='ltr'><strong>tempore</strong></span> <span class='ocrx_word' id='word_1_93' title='bbox 725 1165 878 1239; x_wconf 87' lang='lat' dir='ltr'><strong>Pascbali,</strong></span> <span class='ocrx_word' id='word_1_94' title='bbox 899 1176 994 1225; x_wconf 85' lang='lat' dir='ltr'><strong>nonte-</strong></span> 
     </span>
     <span class='ocr_line' id='line_1_14' title="bbox 72 1246 996 1328; baseline -0.003 -18"><span class='ocrx_word' id='word_1_95' title='bbox 72 1262 174 1310; x_wconf 88' lang='lat' dir='ltr'><strong>ueatur</strong></span> <span class='ocrx_word' id='word_1_96' title='bbox 188 1253 394 1309; x_wconf 85' lang='lat' dir='ltr'><strong>cummunicare</strong></span> <span class='ocrx_word' id='word_1_97' title='bbox 404 1251 621 1328; x_wconf 76' lang='lat' dir='ltr'><strong>quamprimum,</strong></span> <span class='ocrx_word' id='word_1_98' title='bbox 635 1247 685 1308; x_wconf 87' lang='lat' dir='ltr'><strong>sed</strong></span> <span class='ocrx_word' id='word_1_99' title='bbox 698 1250 788 1327; x_wconf 81' lang='lat' dir='ltr'><strong>possit</strong></span> <span class='ocrx_word' id='word_1_100' title='bbox 800 1246 914 1307; x_wconf 85' lang='lat' dir='ltr'><strong>differre</strong></span> <span class='ocrx_word' id='word_1_101' title='bbox 925 1266 996 1327; x_wconf 78' lang='lat' dir='ltr'><strong>usque</strong></span> 
     </span>
     <span class='ocr_line' id='line_1_15' title="bbox 73 1328 997 1409; baseline -0.006 -19"><span class='ocrx_word' id='word_1_102' title='bbox 73 1332 111 1390; x_wconf 82' lang='lat' dir='ltr'><strong>ad</strong></span> <span class='ocrx_word' id='word_1_103' title='bbox 125 1334 208 1390; x_wconf 89' lang='lat' dir='ltr'><strong>tinem</strong></span> <span class='ocrx_word' id='word_1_104' title='bbox 223 1334 291 1389; x_wconf 90' lang='lat' dir='ltr'><strong>anui</strong></span> <span class='ocrx_word' id='word_1_105' title='bbox 304 1330 484 1409; x_wconf 81' lang='lat' dir='ltr'><strong>computandi</strong></span> <span class='ocrx_word' id='word_1_106' title='bbox 494 1332 650 1409; x_wconf 67' lang='lat' dir='ltr'><strong>¹eitempore</strong></span> <span class='ocrx_word' id='word_1_107' title='bbox 659 1329 767 1390; x_wconf 71' lang='lat' dir='ltr'><strong>ultimae</strong></span> <span class='ocrx_word' id='word_1_108' title='bbox 774 1328 997 1390; x_wconf 81' lang='lat' dir='ltr'><strong>Commuuionir:</strong></span> 
     </span>
     <span class='ocr_line' id='line_1_16' title="bbox 73 1410 997 1491; baseline -0.005 -19"><span class='ocrx_word' id='word_1_109' title='bbox 73 1416 114 1472; x_wconf 78' lang='lat' dir='ltr'><strong>aio</strong></span> <span class='ocrx_word' id='word_1_110' title='bbox 141 1415 218 1470; x_wconf 86' lang='lat' dir='ltr'><strong>euim</strong></span> <span class='ocrx_word' id='word_1_111' title='bbox 244 1412 403 1470; x_wconf 81' lang='lat' dir='ltr'><strong>observabit</strong></span> <span class='ocrx_word' id='word_1_112' title='bbox 448 1422 602 1490; x_wconf 83' lang='lat' dir='ltr'><strong>raecaptum</strong></span> <span class='ocrx_word' id='word_1_113' title='bbox 622 1431 672 1491; x_wconf 89' lang='lat' dir='ltr'><strong>pru</strong></span> <span class='ocrx_word' id='word_1_114' title='bbox 685 1420 824 1491; x_wconf 87' lang='lat' dir='ltr'><strong>eapurte,</strong></span> <span class='ocrx_word' id='word_1_115' title='bbox 848 1410 997 1490; x_wconf 78' lang='lat' dir='ltr'><strong>quandlu</strong></span> 
     </span>
     <span class='ocr_line' id='line_1_17' title="bbox 74 1492 999 1573; baseline -0.005 -21"><span class='ocrx_word' id='word_1_116' title='bbox 74 1502 176 1573; x_wconf 90' lang='lat' dir='ltr'><strong>potest,</strong></span> <span class='ocrx_word' id='word_1_117' title='bbox 196 1493 304 1552; x_wconf 83' lang='lat' dir='ltr'><strong>scilicet</strong></span> <span class='ocrx_word' id='word_1_118' title='bbox 316 1513 372 1551; x_wconf 92' lang='lat' dir='ltr'><strong>uon</strong></span> <span class='ocrx_word' id='word_1_119' title='bbox 388 1492 414 1551; x_wconf 95' lang='lat' dir='ltr'><strong>d&#39;</strong></span> <span class='ocrx_word' id='word_1_120' title='bbox 439 1492 536 1551; x_wconf 82' lang='lat' dir='ltr'><strong>eraudi</strong></span> <span class='ocrx_word' id='word_1_121' title='bbox 550 1494 787 1551; x_wconf 78' lang='lat' dir='ltr'><strong>communionem</strong></span> <span class='ocrx_word' id='word_1_122' title='bbox 798 1492 875 1552; x_wconf 86' lang='lat' dir='ltr'><strong>ultra</strong></span> <span class='ocrx_word' id='word_1_123' title='bbox 888 1510 999 1550; x_wconf 79' lang='lat' dir='ltr'><strong>annun:</strong></span> 
     </span>
     <span class='ocr_line' id='line_1_18' title="bbox 75 1572 1025 1653; baseline -0.006 -16"><span class='ocrx_word' id='word_1_124' title='bbox 75 1573 128 1637; x_wconf 77' lang='lat' dir='ltr'><strong>aed</strong></span> <span class='ocrx_word' id='word_1_125' title='bbox 154 1574 258 1633; x_wconf 84' lang='lat' dir='ltr'><strong>Suarez</strong></span> <span class='ocrx_word' id='word_1_126' title='bbox 284 1582 314 1632; x_wconf 87' lang='lat' dir='ltr'><strong>et</strong></span> <span class='ocrx_word' id='word_1_127' title='bbox 327 1573 421 1633; x_wconf 88' lang='lat' dir='ltr'><strong>Collet</strong></span> <span class='ocrx_word' id='word_1_128' title='bbox 444 1577 614 1633; x_wconf 89' lang='lat' dir='ltr'><strong>contrarium</strong></span> <span class='ocrx_word' id='word_1_129' title='bbox 636 1575 793 1633; x_wconf 71' lang='lat' dir='ltr'><strong>sustinent:</strong></span> <span class='ocrx_word' id='word_1_130' title='bbox 814 1572 887 1653; x_wconf 85' lang='lat' dir='ltr'><strong>quia</strong></span> <span class='ocrx_word' id='word_1_131' title='bbox 898 1573 1001 1631; x_wconf 83' lang='lat' dir='ltr'><strong>intentio</strong></span> <span class='ocrx_word' id='word_1_132' title='bbox 1023 1604 1025 1621; x_wconf 88' lang='lat'><em>=</em></span> 
     </span>
     <span class='ocr_line' id='line_1_19' title="bbox 77 1650 1025 1736; baseline -0.004 -21"><span class='ocrx_word' id='word_1_133' title='bbox 77 1656 216 1715; x_wconf 74' lang='lat' dir='ltr'><strong>Ecclesia</strong></span> <span class='ocrx_word' id='word_1_134' title='bbox 230 1676 278 1736; x_wconf 89' lang='lat' dir='ltr'><strong>pro</strong></span> <span class='ocrx_word' id='word_1_135' title='bbox 298 1674 393 1714; x_wconf 87' lang='lat' dir='ltr'><strong>annua</strong></span> <span class='ocrx_word' id='word_1_136' title='bbox 406 1653 613 1713; x_wconf 78' lang='lat' dir='ltr'><strong>Communium</strong></span> <span class='ocrx_word' id='word_1_137' title='bbox 631 1653 803 1732; x_wconf 82' lang='lat' dir='ltr'><strong>designantia</strong></span> <span class='ocrx_word' id='word_1_138' title='bbox 815 1664 931 1732; x_wconf 82' lang='lat' dir='ltr'><strong>tempus</strong></span> <span class='ocrx_word' id='word_1_139' title='bbox 944 1650 1001 1711; x_wconf 78' lang='lat' dir='ltr'><strong>Pee-</strong></span> <span class='ocrx_word' id='word_1_140' title='bbox 1023 1658 1025 1663; x_wconf 87' lang='lat'>&#39;</span> 
     </span>
     <span class='ocr_line' id='line_1_20' title="bbox 76 1734 1003 1815; baseline -0.003 -19"><span class='ocrx_word' id='word_1_141' title='bbox 76 1736 160 1796; x_wconf 88' lang='lat' dir='ltr'><strong>chale</strong></span> <span class='ocrx_word' id='word_1_142' title='bbox 185 1743 231 1794; x_wconf 83' lang='lat' dir='ltr'><strong>est</strong></span> <span class='ocrx_word' id='word_1_143' title='bbox 253 1735 292 1795; x_wconf 86' lang='lat' dir='ltr'><strong>ad</strong></span> <span class='ocrx_word' id='word_1_144' title='bbox 318 1734 473 1815; x_wconf 81' lang='lat' dir='ltr'><strong>ungendam</strong></span> <span class='ocrx_word' id='word_1_145' title='bbox 500 1736 706 1814; x_wconf 79' lang='lat' dir='ltr'><strong>obligationem,</strong></span> <span class='ocrx_word' id='word_1_146' title='bbox 727 1735 895 1795; x_wconf 73' lang='lat' dir='ltr'><strong>ulteriorem</strong></span> <span class='ocrx_word' id='word_1_147' title='bbox 907 1752 1003 1793; x_wconf 75' lang='lat' dir='ltr'><strong>monn</strong></span> 
     </span>
     <span class='ocr_line' id='line_1_21' title="bbox 77 1815 1003 1897; baseline -0.002 -21"><span class='ocrx_word' id='word_1_148' title='bbox 77 1822 211 1876; x_wconf 79' lang='lat' dir='ltr'><strong>contiuuo</strong></span> <span class='ocrx_word' id='word_1_149' title='bbox 236 1817 430 1897; x_wconf 87' lang='lat' dir='ltr'><strong>prohibendo:</strong></span> <span class='ocrx_word' id='word_1_150' title='bbox 451 1824 480 1874; x_wconf 87' lang='lat' dir='ltr'><strong>et</strong></span> <span class='ocrx_word' id='word_1_151' title='bbox 501 1817 565 1877; x_wconf 90' lang='lat' dir='ltr'><strong>ideo</strong></span> <span class='ocrx_word' id='word_1_152' title='bbox 579 1820 665 1876; x_wconf 87' lang='lat' dir='ltr'><strong>etium</strong></span> <span class='ocrx_word' id='word_1_153' title='bbox 678 1817 843 1896; x_wconf 70' lang='lat' dir='ltr'><strong>Superiores</strong></span> <span class='ocrx_word' id='word_1_154' title='bbox 858 1815 1003 1875; x_wconf 76' lang='lat' dir='ltr'><strong>Ecclesiae·</strong></span> 
     </span>
     <span class='ocr_line' id='line_1_22' title="bbox 76 1898 1005 1978; baseline -0.005 -20"><span class='ocrx_word' id='word_1_155' title='bbox 76 1901 127 1958; x_wconf 92' lang='lat' dir='ltr'><strong>tici</strong></span> <span class='ocrx_word' id='word_1_156' title='bbox 158 1917 266 1976; x_wconf 78' lang='lat' dir='ltr'><strong>urgent,</strong></span> <span class='ocrx_word' id='word_1_157' title='bbox 285 1901 308 1958; x_wconf 85' lang='lat' dir='ltr'><strong>si</strong></span> <span class='ocrx_word' id='word_1_158' title='bbox 335 1901 398 1978; x_wconf 88' lang='lat' dir='ltr'><strong>quis</strong></span> <span class='ocrx_word' id='word_1_159' title='bbox 411 1900 440 1957; x_wconf 91' lang='lat' dir='ltr'><strong>iu</strong></span> <span class='ocrx_word' id='word_1_160' title='bbox 466 1898 606 1959; x_wconf 78' lang='lat' dir='ltr'><strong>Paschate</strong></span> <span class='ocrx_word' id='word_1_161' title='bbox 628 1916 686 1957; x_wconf 90' lang='lat' dir='ltr'><strong>nou</strong></span> <span class='ocrx_word' id='word_1_162' title='bbox 700 1898 960 1964; x_wconf 79' lang='lat' dir='ltr'><strong>communicaverit,</strong></span> <span class='ocrx_word' id='word_1_163' title='bbox 977 1904 1005 1953; x_wconf 89' lang='lat' dir='ltr'><strong>ut</strong></span> 
     </span>
     <span class='ocr_line' id='line_1_23' title="bbox 78 1978 1005 2060; baseline -0.005 -21"><span class='ocrx_word' id='word_1_164' title='bbox 78 1980 109 2039; x_wconf 94' lang='lat' dir='ltr'><strong>id</strong></span> <span class='ocrx_word' id='word_1_165' title='bbox 136 1983 342 2060; x_wconf 77' lang='lat' dir='ltr'><strong>quamprimum</strong></span> <span class='ocrx_word' id='word_1_166' title='bbox 367 1979 472 2050; x_wconf 82' lang='lat' dir='ltr'><strong>faciat3</strong></span> <span class='ocrx_word' id='word_1_167' title='bbox 495 1979 572 2038; x_wconf 89' lang='lat' dir='ltr'><strong>unde</strong></span> <span class='ocrx_word' id='word_1_168' title='bbox 599 1978 661 2038; x_wconf 79' lang='lat' dir='ltr'><strong>hec</strong></span> <span class='ocrx_word' id='word_1_169' title='bbox 684 1981 818 2057; x_wconf 85' lang='lat' dir='ltr'><strong>posterior</strong></span> <span class='ocrx_word' id='word_1_170' title='bbox 830 1979 1005 2038; x_wconf 76' lang='lat' dir='ltr'><strong>sententiola</strong></span> 
     </span>
     <span class='ocr_line' id='line_1_24' title="bbox 78 2061 425 2142; baseline -0.006 -21"><span class='ocrx_word' id='word_1_171' title='bbox 78 2065 163 2142; x_wconf 85' lang='lat' dir='ltr'><strong>praxi</strong></span> <span class='ocrx_word' id='word_1_172' title='bbox 174 2070 215 2120; x_wconf 83' lang='lat' dir='ltr'><strong>eet</strong></span> <span class='ocrx_word' id='word_1_173' title='bbox 228 2061 359 2120; x_wconf 85' lang='lat' dir='ltr'><strong>tenende.</strong></span> <span class='ocrx_word' id='word_1_174' title='bbox 422 2098 425 2103; x_wconf 67' lang='grc'><strong><em>«</em></strong></span> 
     </span>
    </p>

    <p class='ocr_par' dir='ltr' id='par_1_5' title="bbox 76 2139 1007 2367">
     <span class='ocr_line' id='line_1_25' title="bbox 120 2139 1006 2222; baseline -0.005 -22"><span class='ocrx_word' id='word_1_175' title='bbox 120 2143 168 2201; x_wconf 85' lang='lat' dir='ltr'><strong>An</strong></span> <span class='ocrx_word' id='word_1_176' title='bbox 183 2143 231 2203; x_wconf 90' lang='lat' dir='ltr'><strong>ille</strong></span> <span class='ocrx_word' id='word_1_177' title='bbox 254 2145 303 2221; x_wconf 90' lang='lat' dir='ltr'><strong>qui</strong></span> <span class='ocrx_word' id='word_1_178' title='bbox 317 2141 448 2222; x_wconf 71' lang='lat' dir='ltr'><strong>providet</strong></span> <span class='ocrx_word' id='word_1_179' title='bbox 469 2139 593 2202; x_wconf 85' lang='lat' dir='ltr'><strong>futurum</strong></span> <span class='ocrx_word' id='word_1_180' title='bbox 606 2139 843 2221; x_wconf 87' lang='lat' dir='ltr'><strong>impedimentum</strong></span> <span class='ocrx_word' id='word_1_181' title='bbox 859 2140 1006 2200; x_wconf 87' lang='lat' dir='ltr'><strong>communi-</strong></span> 
     </span>
     <span class='ocr_line' id='line_1_26' title="bbox 80 2221 1007 2362; baseline -0.008 -77"><span class='ocrx_word' id='word_1_182' title='bbox 80 2224 162 2362; x_wconf 53' lang='lat' dir='ltr'><strong>candi</strong></span> <span class='ocrx_word' id='word_1_183' title='bbox 174 2227 202 2284; x_wconf 92' lang='lat' dir='ltr'><strong>in</strong></span> <span class='ocrx_word' id='word_1_184' title='bbox 218 2225 361 2304; x_wconf 87' lang='lat' dir='ltr'><strong>quindena</strong></span> <span class='ocrx_word' id='word_1_185' title='bbox 385 2223 524 2297; x_wconf 87' lang='lat' dir='ltr'><strong>Pascbnli,</strong></span> <span class='ocrx_word' id='word_1_186' title='bbox 544 2231 672 2283; x_wconf 90' lang='lat' dir='ltr'><strong>teneatur</strong></span> <span class='ocrx_word' id='word_1_187' title='bbox 690 2221 760 2282; x_wconf 88' lang='lat' dir='ltr'><strong>illud</strong></span> <span class='ocrx_word' id='word_1_188' title='bbox 781 2233 897 2303; x_wconf 89' lang='lat' dir='ltr'><strong>tempus</strong></span> <span class='ocrx_word' id='word_1_189' title='bbox 910 2241 1007 2301; x_wconf 74' lang='lat' dir='ltr'><strong>prare-</strong></span> 
     </span>
     <span class='ocr_line' id='line_1_27' title="bbox 76 2328 137 2367; baseline -0.066 0"><span class='ocrx_word' id='word_1_190' title='bbox 76 2328 137 2367; x_wconf 88' lang='lat' dir='ltr'><strong>mre</strong></span> 
     </span>
    </p>

    <p class='ocr_par' dir='ltr' id='par_1_6' title="bbox 81 2383 1008 2788">
     <span class='ocr_line' id='line_1_28' title="bbox 124 2383 1007 2464; baseline -0.003 -20"><span class='ocrx_word' id='word_1_191' title='bbox 124 2386 198 2445; x_wconf 88' lang='lat' dir='ltr'><strong>Vll.</strong></span> <span class='ocrx_word' id='word_1_192' title='bbox 212 2386 249 2443; x_wconf 92' lang='lat' dir='ltr'><strong>R.</strong></span> <span class='ocrx_word' id='word_1_193' title='bbox 271 2386 310 2442; x_wconf 87' lang='lat'><strong>1⁰·</strong></span> <span class='ocrx_word' id='word_1_194' title='bbox 325 2386 367 2453; x_wconf 86' lang='lat' dir='ltr'><strong>Si,</strong></span> <span class='ocrx_word' id='word_1_195' title='bbox 388 2385 532 2464; x_wconf 71' lang='lat' dir='ltr'><strong>quindeni</strong></span> <span class='ocrx_word' id='word_1_196' title='bbox 546 2384 678 2444; x_wconf 85' lang='lat' dir='ltr'><strong>Paschali</strong></span> <span class='ocrx_word' id='word_1_197' title='bbox 687 2384 749 2462; x_wconf 86' lang='lat' dir='ltr'><strong>jem</strong></span> <span class='ocrx_word' id='word_1_198' title='bbox 762 2383 911 2455; x_wconf 73' lang='lat' dir='ltr'><strong>inchoata,</strong></span> <span class='ocrx_word' id='word_1_199' title='bbox 923 2385 1007 2464; x_wconf 79' lang='lat' dir='ltr'><strong>preri-</strong></span> 
     </span>
     <span class='ocr_line' id='line_1_29' title="bbox 83 2465 1007 2546; baseline -0.001 -21"><span class='ocrx_word' id='word_1_200' title='bbox 83 2468 151 2526; x_wconf 88' lang='lat' dir='ltr'><strong>deat</strong></span> <span class='ocrx_word' id='word_1_201' title='bbox 163 2467 396 2546; x_wconf 87' lang='lat' dir='ltr'><strong>impedimentum</strong></span> <span class='ocrx_word' id='word_1_202' title='bbox 413 2465 639 2525; x_wconf 84' lang='lat' dir='ltr'><strong>communicandi</strong></span> <span class='ocrx_word' id='word_1_203' title='bbox 653 2468 757 2527; x_wconf 87' lang='lat' dir='ltr'><strong>ultimis</strong></span> <span class='ocrx_word' id='word_1_204' title='bbox 766 2466 868 2527; x_wconf 86' lang='lat' dir='ltr'><strong>diebus</strong></span> <span class='ocrx_word' id='word_1_205' title='bbox 879 2465 1007 2545; x_wconf 75' lang='lat' dir='ltr'><strong>ejusdam,</strong></span> 
     </span>
     <span class='ocr_line' id='line_1_30' title="bbox 81 2546 1007 2627; baseline -0.004 -21"><span class='ocrx_word' id='word_1_206' title='bbox 81 2557 193 2607; x_wconf 90' lang='lat' dir='ltr'><strong>tenetur</strong></span> <span class='ocrx_word' id='word_1_207' title='bbox 216 2548 311 2627; x_wconf 88' lang='lat' dir='ltr'><strong>primis</strong></span> <span class='ocrx_word' id='word_1_208' title='bbox 333 2547 431 2606; x_wconf 85' lang='lat' dir='ltr'><strong>diebus</strong></span> <span class='ocrx_word' id='word_1_209' title='bbox 456 2547 612 2627; x_wconf 84' lang='lat' dir='ltr'><strong>adimplere</strong></span> <span class='ocrx_word' id='word_1_210' title='bbox 630 2556 814 2627; x_wconf 82' lang='lat' dir='ltr'><strong>praeeeptum,</strong></span> <span class='ocrx_word' id='word_1_211' title='bbox 833 2546 1007 2626; x_wconf 85' lang='lat' dir='ltr'><strong>utpotequod</strong></span> 
     </span>
     <span class='ocr_line' id='line_1_31' title="bbox 83 2627 1008 2708; baseline -0.002 -22"><span class='ocrx_word' id='word_1_212' title='bbox 83 2630 169 2688; x_wconf 82' lang='lat' dir='ltr'><strong>uredo</strong></span> <span class='ocrx_word' id='word_1_213' title='bbox 197 2641 296 2708; x_wconf 85' lang='lat' dir='ltr'><strong>urget:</strong></span> <span class='ocrx_word' id='word_1_214' title='bbox 325 2631 408 2687; x_wconf 88' lang='lat' dir='ltr'><strong>sicuti</strong></span> <span class='ocrx_word' id='word_1_215' title='bbox 434 2631 587 2707; x_wconf 83' lang='lat' dir='ltr'><strong>praevidens</strong></span> <span class='ocrx_word' id='word_1_216' title='bbox 614 2629 659 2688; x_wconf 91' lang='lat' dir='ltr'><strong>die</strong></span> <span class='ocrx_word' id='word_1_217' title='bbox 685 2629 757 2688; x_wconf 83' lang='lat' dir='ltr'><strong>testu</strong></span> <span class='ocrx_word' id='word_1_218' title='bbox 783 2627 1008 2707; x_wconf 83' lang='lat' dir='ltr'><strong>impedimentum</strong></span> 
     </span>
     <span class='ocr_line' id='line_1_32' title="bbox 86 2709 915 2788; baseline -0.004 -18"><span class='ocrx_word' id='word_1_219' title='bbox 86 2711 222 2770; x_wconf 81' lang='lat' dir='ltr'><strong>audiendi</strong></span> <span class='ocrx_word' id='word_1_220' title='bbox 235 2712 366 2770; x_wconf 91' lang='lat' dir='ltr'><strong>ultimum</strong></span> <span class='ocrx_word' id='word_1_221' title='bbox 380 2709 509 2784; x_wconf 87' lang='lat' dir='ltr'><strong>Sacrum,</strong></span> <span class='ocrx_word' id='word_1_222' title='bbox 529 2710 613 2770; x_wconf 89' lang='lat' dir='ltr'><strong>debet</strong></span> <span class='ocrx_word' id='word_1_223' title='bbox 625 2709 702 2768; x_wconf 90' lang='lat' dir='ltr'><strong>aliud</strong></span> <span class='ocrx_word' id='word_1_224' title='bbox 718 2709 795 2788; x_wconf 80' lang='lat' dir='ltr'><strong>priris</strong></span> <span class='ocrx_word' id='word_1_225' title='bbox 805 2709 915 2768; x_wconf 89' lang='lat' dir='ltr'><strong>audire.</strong></span> 
     </span>
    </p>

    <p class='ocr_par' dir='ltr' id='par_1_7' title="bbox 86 2789 1012 3260">
     <span class='ocr_line' id='line_1_33' title="bbox 126 2789 1008 2870; baseline 0 -23"><span class='ocrx_word' id='word_1_226' title='bbox 126 2791 215 2852; x_wconf 85' lang='lat' dir='ltr'><strong>Vlll.</strong></span> <span class='ocrx_word' id='word_1_227' title='bbox 231 2792 271 2849; x_wconf 76' lang='lat'><strong>2⁰·</strong></span> <span class='ocrx_word' id='word_1_228' title='bbox 282 2792 324 2864; x_wconf 85' lang='lat' dir='ltr'><strong>Si,</strong></span> <span class='ocrx_word' id='word_1_229' title='bbox 337 2791 480 2870; x_wconf 68' lang='lat' dir='ltr'><strong>quindena</strong></span> <span class='ocrx_word' id='word_1_230' title='bbox 491 2792 615 2852; x_wconf 91' lang='lat' dir='ltr'><strong>nondum</strong></span> <span class='ocrx_word' id='word_1_231' title='bbox 624 2791 766 2864; x_wconf 67' lang='lat' dir='ltr'><strong>inchoata,</strong></span> <span class='ocrx_word' id='word_1_232' title='bbox 778 2789 933 2868; x_wconf 75' lang='lat' dir='ltr'><strong>praevideat</strong></span> <span class='ocrx_word' id='word_1_233' title='bbox 941 2789 1008 2848; x_wconf 72' lang='lat' dir='ltr'><strong>tutu·</strong></span> 
     </span>
     <span class='ocr_line' id='line_1_34' title="bbox 87 2869 1010 2953; baseline -0.001 -23"><span class='ocrx_word' id='word_1_234' title='bbox 87 2893 149 2931; x_wconf 91' lang='lat' dir='ltr'><strong>rum</strong></span> <span class='ocrx_word' id='word_1_235' title='bbox 177 2874 411 2953; x_wconf 86' lang='lat' dir='ltr'><strong>impedimentum</strong></span> <span class='ocrx_word' id='word_1_236' title='bbox 439 2894 487 2952; x_wconf 88' lang='lat' dir='ltr'><strong>per</strong></span> <span class='ocrx_word' id='word_1_237' title='bbox 513 2883 604 2933; x_wconf 89' lang='lat' dir='ltr'><strong>totam</strong></span> <span class='ocrx_word' id='word_1_238' title='bbox 627 2872 800 2950; x_wconf 86' lang='lat' dir='ltr'><strong>quindenam</strong></span> <span class='ocrx_word' id='word_1_239' title='bbox 826 2880 855 2931; x_wconf 86' lang='lat' dir='ltr'><strong>et</strong></span> <span class='ocrx_word' id='word_1_240' title='bbox 871 2871 908 2929; x_wconf 91' lang='lat' dir='ltr'><strong>ab</strong></span> <span class='ocrx_word' id='word_1_241' title='bbox 923 2869 1010 2930; x_wconf 83' lang='lat' dir='ltr'><strong>ultimo</strong></span> 
     </span>
     <span class='ocr_line' id='line_1_35' title="bbox 87 2951 1009 3032; baseline -0.002 -21"><span class='ocrx_word' id='word_1_242' title='bbox 87 2954 227 3013; x_wconf 86' lang='lat' dir='ltr'><strong>Paschate</strong></span> <span class='ocrx_word' id='word_1_243' title='bbox 254 2977 308 3013; x_wconf 93' lang='lat' dir='ltr'><strong>uon</strong></span> <span class='ocrx_word' id='word_1_244' title='bbox 329 2954 582 3021; x_wconf 82' lang='lat' dir='ltr'><strong>communicaverit,</strong></span> <span class='ocrx_word' id='word_1_245' title='bbox 604 2962 714 3014; x_wconf 87' lang='lat' dir='ltr'><strong>tenetur</strong></span> <span class='ocrx_word' id='word_1_246' title='bbox 726 2951 900 3032; x_wconf 85' lang='lat' dir='ltr'><strong>quindenam</strong></span> <span class='ocrx_word' id='word_1_247' title='bbox 915 2972 1009 3032; x_wconf 74' lang='lat' dir='ltr'><strong>prore·</strong></span> 
     </span>
     <span class='ocr_line' id='line_1_36' title="bbox 86 3035 1012 3113; baseline -0.002 -19"><span class='ocrx_word' id='word_1_248' title='bbox 86 3038 156 3094; x_wconf 88' lang='lat' dir='ltr'><strong>nire.</strong></span> <span class='ocrx_word' id='word_1_249' title='bbox 198 3037 334 3096; x_wconf 85' lang='lat' dir='ltr'><strong>Similiter</strong></span> <span class='ocrx_word' id='word_1_250' title='bbox 343 3036 412 3095; x_wconf 81' lang='lat' dir='ltr'><strong>lieet</strong></span> <span class='ocrx_word' id='word_1_251' title='bbox 422 3046 483 3113; x_wconf 88' lang='lat' dir='ltr'><strong>post</strong></span> <span class='ocrx_word' id='word_1_252' title='bbox 495 3035 625 3095; x_wconf 88' lang='lat' dir='ltr'><strong>ultimum</strong></span> <span class='ocrx_word' id='word_1_253' title='bbox 639 3035 752 3093; x_wconf 80' lang='lat' dir='ltr'><strong>Pascha</strong></span> <span class='ocrx_word' id='word_1_254' title='bbox 765 3036 1012 3107; x_wconf 80' lang='lat' dir='ltr'><strong>communicaverit,</strong></span> 
     </span>
     <span class='ocr_line' id='line_1_37' title="bbox 88 3113 1012 3197; baseline -0.001 -22"><span class='ocrx_word' id='word_1_255' title='bbox 88 3119 111 3175; x_wconf 83' lang='lat' dir='ltr'><strong>ri</strong></span> <span class='ocrx_word' id='word_1_256' title='bbox 125 3117 277 3197; x_wconf 83' lang='lat' dir='ltr'><strong>praevideat</strong></span> <span class='ocrx_word' id='word_1_257' title='bbox 290 3121 455 3175; x_wconf 86' lang='lat' dir='ltr'><strong>continuum</strong></span> <span class='ocrx_word' id='word_1_258' title='bbox 468 3117 702 3196; x_wconf 82' lang='lat' dir='ltr'><strong>impedimentum</strong></span> <span class='ocrx_word' id='word_1_259' title='bbox 713 3113 1012 3175; x_wconf 81' lang='lat' dir='ltr'><strong>communicandiiufre</strong></span> 
     </span>
     <span class='ocr_line' id='line_1_38' title="bbox 89 3198 586 3260; baseline 0 -1"><span class='ocrx_word' id='word_1_260' title='bbox 89 3217 194 3260; x_wconf 81' lang='lat' dir='ltr'><strong>anuum</strong></span> <span class='ocrx_word' id='word_1_261' title='bbox 207 3199 243 3255; x_wconf 90' lang='lat' dir='ltr'><strong>ab</strong></span> <span class='ocrx_word' id='word_1_262' title='bbox 253 3199 354 3256; x_wconf 89' lang='lat' dir='ltr'><strong>ultima</strong></span> <span class='ocrx_word' id='word_1_263' title='bbox 369 3198 586 3259; x_wconf 84' lang='lat' dir='ltr'><strong>Communione.</strong></span> 
     </span>
    </p>

    <p class='ocr_par' dir='ltr' id='par_1_8' title="bbox 91 3278 1014 3522">
     <span class='ocr_line' id='line_1_39' title="bbox 132 3278 1014 3359; baseline 0 -24"><span class='ocrx_word' id='word_1_264' title='bbox 132 3279 163 3336; x_wconf 82' lang='lat' dir='ltr'><strong>Si</strong></span> <span class='ocrx_word' id='word_1_265' title='bbox 174 3283 237 3337; x_wconf 82' lang='lat' dir='ltr'><strong>vero</strong></span> <span class='ocrx_word' id='word_1_266' title='bbox 262 3287 322 3359; x_wconf 88' lang='lat' dir='ltr'><strong>post</strong></span> <span class='ocrx_word' id='word_1_267' title='bbox 334 3279 464 3338; x_wconf 91' lang='lat' dir='ltr'><strong>ultimum</strong></span> <span class='ocrx_word' id='word_1_268' title='bbox 491 3279 602 3340; x_wconf 81' lang='lat' dir='ltr'><strong>Pascha</strong></span> <span class='ocrx_word' id='word_1_269' title='bbox 614 3280 874 3351; x_wconf 79' lang='lat' dir='ltr'><strong>communicaverit,</strong></span> <span class='ocrx_word' id='word_1_270' title='bbox 895 3286 926 3337; x_wconf 89' lang='lat' dir='ltr'><strong>et</strong></span> <span class='ocrx_word' id='word_1_271' title='bbox 937 3278 1014 3335; x_wconf 82' lang='lat' dir='ltr'><strong>etiarn</strong></span> 
     </span>
     <span class='ocr_line' id='line_1_40' title="bbox 91 3357 1013 3439; baseline -0.001 -22"><span class='ocrx_word' id='word_1_272' title='bbox 91 3360 196 3418; x_wconf 83' lang='lat' dir='ltr'><strong>lrabeat</strong></span> <span class='ocrx_word' id='word_1_273' title='bbox 216 3362 452 3439; x_wconf 87' lang='lat' dir='ltr'><strong>opportunitatem</strong></span> <span class='ocrx_word' id='word_1_274' title='bbox 481 3362 707 3420; x_wconf 87' lang='lat' dir='ltr'><strong>communicandi</strong></span> <span class='ocrx_word' id='word_1_275' title='bbox 721 3358 795 3421; x_wconf 81' lang='lat' dir='ltr'><strong>iufra</strong></span> <span class='ocrx_word' id='word_1_276' title='bbox 809 3379 916 3418; x_wconf 90' lang='lat' dir='ltr'><strong>aunum</strong></span> <span class='ocrx_word' id='word_1_277' title='bbox 930 3358 968 3418; x_wconf 88' lang='lat' dir='ltr'><strong>ab</strong></span> <span class='ocrx_word' id='word_1_278' title='bbox 981 3357 1013 3415; x_wconf 84' lang='lat' dir='ltr'><strong>ul·</strong></span> 
     </span>
     <span class='ocr_line' id='line_1_41' title="bbox 91 3441 1014 3522; baseline -0.002 -22"><span class='ocrx_word' id='word_1_279' title='bbox 91 3442 162 3501; x_wconf 88' lang='lat' dir='ltr'><strong>tima</strong></span> <span class='ocrx_word' id='word_1_280' title='bbox 184 3446 391 3509; x_wconf 87' lang='lat' dir='ltr'><strong>communione,</strong></span> <span class='ocrx_word' id='word_1_281' title='bbox 412 3441 616 3522; x_wconf 85' lang='lat' dir='ltr'><strong>probabileest,</strong></span> <span class='ocrx_word' id='word_1_282' title='bbox 645 3441 719 3522; x_wconf 78' lang='lat' dir='ltr'><strong>quod</strong></span> <span class='ocrx_word' id='word_1_283' title='bbox 733 3461 788 3501; x_wconf 91' lang='lat' dir='ltr'><strong>uon</strong></span> <span class='ocrx_word' id='word_1_284' title='bbox 803 3448 934 3502; x_wconf 81' lang='lat' dir='ltr'><strong>teneatur</strong></span> <span class='ocrx_word' id='word_1_285' title='bbox 956 3459 1014 3520; x_wconf 77' lang='lat' dir='ltr'><strong>pre-</strong></span> 
     </span>
    </p>
   </div>
   <div class='ocr_carea' id='block_1_3' title="bbox 0 0 1101 3990">
    <p class='ocr_par' dir='ltr' id='par_1_9' title="bbox 0 0 1101 3990">
     <span class='ocr_line' id='line_1_42' title="bbox 0 0 1101 3990; baseline 0 0"><span class='ocrx_word' id='word_1_286' title='bbox 0 0 1101 3990; x_wconf 95' lang='lat' dir='ltr'><strong> </strong></span> 
     </span>
    </p>
   </div>
  </div>
 </body>
</html>
