2130 3990
93 192 155 255 tra
455 206 643 254 catenarus

93 437 136 498 ll.
149 434 201 496 20.
218 438 276 496 DF}
290 434 570 495 lNTENTIONE
592 436 650 495 ET
664 432 967 496 ATTENTlONE
988 436 1029 497 lit

208 516 437 581 anutau'ru
460 512 623 578 missam
649 515 917 596 REQUlSlTIS.

95 702 119 762 l.
143 701 181 762 In
197 704 330 760 audiente
343 698 468 763 Missam
483 703 646 779 requiritur
673 703 806 760 intentio
829 698 873 758 11.
897 696 1029 773 Actania,

133 783 184 842 nel
195 782 330 842 virtualis
354 804 388 842 ea
405 787 493 860 perte
514 782 645 859 srrdjeeti,
679 780 737 840 ΙΙΙ.
765 781 846 840 Cum
875 785 1028 840 attentabat

135 868 262 923 interna.
278 862 334 922 IV.
353 862 472 940 Optima
482 869 527 922 est
538 864 657 921 attentio
670 864 842 921 maranum
851 868 883 921 et
892 866 1025 938 mysten‘a

133 944 173 1005 V.
207 943 338 1003 attentio
352 945 393 1002 nd
408 942 501 1003 Deum
517 941 591 1002 bona
607 953 650 1002 eet
664 951 693 1002 et
721 945 846 1024 reffert.
868 942 927 1001 VI.
964 942 1024 1009 ore

133 1026 245 1084 dicitur
258 1024 456 1085 irrnoluutart'e
476 1026 648 1084 dilataretur.
670 1023 742 1085 VII.
765 1024 915 1102 Tempore
942 1022 1022 1085 Mae

134 1104 241 1183 legens
253 1106 341 1165 horne
358 1106 525 1167 Ceaortt'eas
536 1103 685 1184 satisfecit
699 1107 820 1186 utrique
828 1114 985 1186 precepto.

134 1266 241 1325 Paoaa
255 1267 356 1344 requiri
369 1266 550 1326 intentionem
566 1269 594 1326 in
609 1265 739 1327 audiente
752 1266 892 1327 Missam.

133 1347 159 1406 1.
177 1347 215 1404 R.
239 1346 368 1407 Ecclesia
380 1350 507 1426 precipit
523 1349 619 1408 Missae
634 1348 813 1407 auditionem
827 1359 968 1425 tanquam
985 1366 1018 1407 ae

92 1433 151 1487 lum
168 1427 324 1506 religionis:
347 1428 453 1487 auditio
466 1423 560 1489 autem
577 1430 672 1489 llliasae
685 1432 843 1489 secundum
865 1450 898 1489 se
913 1427 1019 1488 eandm

92 1516 151 1568 rata
165 1520 208 1568 est
222 1508 384 1569 indifferens
405 1509 447 1569 vel
475 1509 511 1568 ad
526 1509 632 1569 cultum
646 1511 710 1578 Dei,
732 1510 775 1570 vel
789 1510 829 1569 ad
844 1511 1019 1570 curiositatem

92 1600 141 1649 eut
154 1590 243 1650 alium
256 1591 341 1649 finem
355 1610 361 1647 :
383 1610 449 1667 ergo
463 1609 512 1669 per
529 1594 712 1651 intentionem
726 1600 770 1651 est
783 1590 1004 1653 determinanda

133 1672 233 1742 Qualis
247 1670 331 1730 debet
343 1691 400 1729 esse
413 1672 461 1730 illa
480 1671 622 1733 intentio?

133 1751 176 1812 11.
200 1753 237 1811 R.
254 1750 312 1812 Hic
325 1752 513 1812 disserendum
522 1762 572 1820 est,
588 1759 618 1811 ut
631 1753 658 1810 io
673 1752 761 1811 Haris
775 1751 947 1827 canonicis,
959 1753 1020 1813 scili·
1057 1790 1059 1823 ,

93 1839 138 1893 oet
150 1855 187 1893 ex
201 1842 282 1913 parte
294 1832 415 1912 errbjeeti
432 1835 534 1914 requiri
557 1833 743 1893 intentionem
756 1835 904 1894 actualem
916 1836 960 1895 vel
972 1835 1021 1895 sal·

92 1923 150 1975 lam
163 1915 318 1974 virtualem.

134 1996 184 2055 Ex
199 2004 276 2075 parte
289 1996 393 2076 objecti
406 2002 502 2055 aulem
515 1994 666 2054 debetesse
685 1997 806 2055 intentio
816 1995 950 2056 audiendi
959 1996 1019 2055 Mis·

92 2097 152 2137 sam
167 2087 303 2154 tanquam
325 2077 463 2136 actionem
487 2097 606 2150 sacram,
619 2077 675 2156 qud
690 2078 752 2137 Deo
765 2097 916 2156 supremus
939 2077 1019 2137 culta

92 2156 230 2219 defertur:
250 2158 313 2217 vide
328 2158 417 2215 Num.
439 2157 487 2216 44.
503 2159 538 2216 de
553 2157 723 2235 Religznne,
740 2178 802 2240 quae
817 2161 915 2219 omnia
924 2159 1018 2218 ibidem

92 2238 169 2300 dicta
183 2240 230 2297 hic
241 2259 289 2317 pro
302 2240 411 2298 insertis
424 2238 526 2299 habeo.
785 2311 787 2316 ,

132 2321 229 2380 Unum
246 2321 291 2378 hic
305 2320 467 2388 notandum,
490 2321 626 2398 optimam
639 2339 699 2377 esse
725 2319 804 2379 illam
831 2322 1016 2389 intentionem,

91 2403 115 2460 si
128 2421 177 2479 pro
190 2399 301 2478 objecto
316 2400 420 2459 habeat
432 2400 639 2481 quadruplicem
655 2401 737 2458 finem
751 2401 900 2468 Sacrificii,
925 2405 979 2460 sira
991 2405 1016 2460 il·

91 2481 140 2541 lud
155 2501 206 2560 per
214 2480 395 2540 Sacerdotem
409 2493 511 2541 etcum
524 2480 678 2541 Sacerdote
691 2480 825 2542 offerendi
839 2492 873 2542 ut
887 2484 1018 2543 Latreuti·

92 2582 167 2635 cum,
190 2562 427 2633 Eucharisticum,
450 2562 669 2642 propitiatorium
681 2571 711 2620 et
723 2564 958 2642 impetratorium.

131 2644 233 2782 quba,
255 2645 359 2724 requiri
372 2647 557 2704 attentionem
579 2645 720 2703 internam
742 2645 772 2702 in
796 2646 932 2705 audiente
954 2645 1015 2706 Mis

91 2745 151 2785 ram
321 2784 323 2789 .

133 2805 190 2864 Ill.
215 2805 253 2864 R.
270 2805 428 2865 Probatur:
443 2809 508 2886 quia
521 2807 678 2886 precipitur
690 2804 796 2865 auditio
811 2807 941 2887 religiosa
954 2807 1013 2866 lllir·

93 2909 139 2956 σε,
162 2888 217 2966 qut
240 2888 316 2946 Deus
330 2888 449 2946 colitur:
471 2896 500 2946 at
513 2909 567 2947 non
582 2888 678 2947 colitur
693 2887 773 2946 Deus
784 2891 845 2947 vere
858 2889 921 2948 sine
935 2898 1013 2948 atten-

92 2971 297 3035 aoncinterna,
329 2975 394 3028 cum
413 2971 504 3028 Deum
518 2971 547 3027 in
571 2968 674 3049 Spiritu
698 2980 728 3027 et
753 2971 868 3030 veritate
897 2977 1013 3050 oporteat

92 3047 218 3116 adorare,
239 3050 324 3108 dean.
338 3069 400 3129 cap.
412 3049 440 3107 4.
454 3070 481 3108 ν.
495 3051 544 3110 24.

133 3129 231 3200 Qualis
241 3130 327 3189 debet
338 3150 400 3190 esse
413 3133 528 3190 attentio
541 3130 591 3190 illa
602 3132 711 3190 interna
731 3151 768 3191 ex
784 3139 862 3211 parte
882 3131 1012 3211 subjecti?

136 3210 172 3268 R.
188 3210 315 3270 Actualis
338 3211 380 3270 vel
404 3211 547 3270 virtualis:
568 3215 674 3292 optima
695 3212 807 3293 quidem
835 3222 878 3271 est
898 3213 1013 3284 actualis,

93 3310 149 3349 non
161 3311 222 3370 quae
236 3301 278 3350 est
291 3312 355 3352 cum
369 3292 525 3351 reflexione
535 3292 573 3352 ad
591 3296 680 3372 ipsam
693 3297 884 3364 attentionem,
907 3310 1012 3373 quomo·
1057 3328 1059 3335 ·

93 3370 130 3431 do
144 3372 229 3431 anxie
242 3394 271 3432 se
285 3374 406 3434 cruciant
416 3374 580 3454 scrupulosi,
607 3375 655 3434 sed
670 3394 734 3433 cum
747 3374 909 3434 reflectione
922 3375 958 3435 ad
972 3374 1013 3434 ola

87 3451 220 3532 jectum:
240 3451 344 3518 sufficit
369 3463 465 3518 omen
486 3455 605 3518 virtualis
617 3455 716 3518 relicta
742 3475 780 3516 ex
794 3459 948 3519 intentione
971 3477 1013 3518 aen
