2130 3990
100 194 162 255 3⁰6
436 226 439 233 ·
479 208 658 263 emesenus

104 360 267 428 timeretur,
288 353 365 434 quod
379 357 428 415 vix
452 358 554 435 poterit
566 357 657 429 vitari,
678 354 746 415 dum
765 356 906 417 Sacerdos
917 355 1023 418 celebrat

123 438 227 507 ubliae,

104 459 121 516 p
145 518 200 579 Vl.
220 518 264 575 3⁰·
280 516 444 576 Generatim
458 517 495 579 nd
508 517 671 577 evitandum
681 537 762 596 greve
773 518 1025 598 scandalum,quod

104 599 186 658 aliter
199 603 296 660 evitari
309 621 364 658 non
379 608 488 677 potest:
517 620 542 658 v.
552 620 579 679 g.
590 603 613 659 si
629 597 770 658 Paroahus
782 597 832 655 die
845 597 920 658 festo
935 602 1024 677 aliquid

104 684 278 760 sumpsisset,
304 688 333 739 et
346 678 465 739 Missam
479 685 685 760 pretermittere
700 700 755 738 non
770 690 863 758 posset
877 681 942 739 sine
952 687 1025 759 gravi·

103 762 157 820 bus
167 760 391 822 oblocutionibus
403 771 432 820 et
445 763 563 821 sinistris
586 761 811 840 suspicionibus:
833 762 976 821 ordinarii
994 773 1026 821 te·

106 863 171 901 men
185 843 351 901 scandalum
364 844 451 902 vitare
473 853 564 922 posset
589 844 751 922 simpliciter
777 841 906 901 dicendo
930 863 961 902 se
983 865 1026 903 non

109 945 168 982 esse
177 944 321 1002 jejunum.

149 1008 231 1063 Certo
247 1025 303 1063 non
319 1012 410 1084 potest
423 1003 570 1078 Sacerdos,
594 1006 683 1083 quiin
706 1003 753 1063 die
776 1004 897 1063 Nstelie
924 1006 1027 1065 Domini

105 1089 134 1144 in
150 1088 239 1164 primu
260 1074 556 1163 Misseimpr'udenter
578 1087 749 1147 ablutionem
772 1089 949 1166 sumpsisset,
970 1086 1029 1146 duas

108 1168 226 1245 reliquas
251 1167 410 1239 celebrare;
436 1170 502 1246 quia
523 1187 608 1225 nemo
632 1174 683 1241 est,
711 1168 761 1243 qui
783 1167 851 1226 inde
873 1167 1030 1228 scandulum

128 1252 238 1307 otietur.

107 1269 126 1327 p
149 1329 220 1387 VII.
242 1328 284 1385 4⁰·
305 1328 353 1388 Ad
366 1328 526 1388 evitandam
541 1328 727 1389 Eucharistiae
746 1327 972 1407 profanationem
997 1332 1032 1392 rel

106 1413 312 1469 irreverentiam
328 1411 509 1482 cassandam,
529 1431 554 1469 v.
569 1432 598 1490 g.
613 1411 649 1469 ab
670 1409 837 1469 infidelibus
866 1411 911 1469 vel
941 1411 1031 1470 Here·

108 1494 179 1562 ticis,
204 1511 254 1570 per
276 1490 447 1560 incendium,
471 1488 524 1548 &c
551 1501 620 1550 tunc
635 1494 712 1549 enim
729 1490 844 1551 deberet
866 1494 941 1551 sumi
956 1493 1031 1552 enon

108 1572 219 1650 jejuno,
242 1575 328 1630 etiem
345 1573 444 1644 heico,
463 1576 488 1631 si
501 1572 574 1631 desit
581 1573 706 1651 jejunus.

153 1653 242 1712 V111.
254 1655 296 1711 5⁰·
313 1653 345 1711 ld
356 1653 466 1711 licitum
474 1662 526 1726 est,
534 1655 648 1733 quando
661 1660 725 1733 post
733 1652 909 1711 ablutionem
920 1652 1034 1734 reliquie

110 1755 160 1793 seu
175 1732 317 1813 particulae
345 1734 456 1793 Hostius
484 1744 650 1794 consecrate
675 1737 857 1793 inveniuntur
883 1740 1034 1810 superstites
1063 1738 1065 1785 l

112 1819 141 1874 in
156 1824 270 1894 patena,
292 1815 423 1894 corporali
438 1816 480 1873 vel
496 1815 604 1887 Colice,
628 1824 678 1875 aut
690 1818 775 1875 etiam
789 1817 819 1875 in
829 1833 898 1882 0103
919 1819 986 1895 quia
1003 1816 1033 1877 sd
1059 1818 1065 1865 l

113 1896 189 1955 idem
203 1906 330 1973 spectant
342 1896 518 1955 Sacrificium
531 1904 561 1955 et
576 1901 613 1954 ad
626 1896 747 1955 eandem
761 1899 904 1957 actionem
919 1901 1032 1957 unicani·
1055 1897 1065 1968 l

113 1998 168 2055 que
182 1979 380 2054 sumptionem,
405 1978 533 2056 quamvis
544 1982 629 2037 etiam
642 1977 694 2037 sub
709 1978 800 2037 Missa
811 1981 1030 2039 communionem
1054 1977 1065 2053 1

115 2056 305 2117 distribuendo
314 2079 394 2116 mora
407 2058 504 2137 alique
516 2060 720 2117 intercessisset.
1054 2035 1065 2126 l

158 2139 212 2197 lX.
237 2140 302 2197 Non
316 2149 411 2197 temen
424 2139 498 2199 idem
513 2138 662 2198 dicendum
677 2140 713 2198 de
724 2138 846 2216 reliquiis
857 2139 995 2199 Sucrifioii
1006 2142 1030 2200 al
1054 2120 1065 2215 l

120 2222 208 2279 altero
223 2223 341 2299 peracti,
361 2241 385 2279 v.
400 2239 427 2296 g.
443 2221 589 2281 Ciborium
614 2219 779 2300 purgando:
801 2240 856 2278 neo
870 2220 908 2278 de
921 2222 1030 2299 reliquiis

116 2302 301 2360 suiSacrilieii
313 2312 375 2379 post
383 2303 502 2361 Missam
513 2305 637 2378 repertis,
653 2302 722 2360 dum
734 2322 758 2359 v.
773 2319 801 2377 g.
814 2312 858 2359 est
867 2304 895 2359 in
906 2302 1031 2376 Sserietir,
1055 2351 1061 2373 ,

118 2385 181 2456 nisi,
202 2385 292 2460 inquit
308 2384 476 2441 Benedictus
497 2381 580 2441 XIV.
609 2382 734 2442 nondum
756 2386 843 2441 sacris
857 2383 981 2442 vestibus
992 2383 1030 2441 Se·
1055 2379 1065 2453 1

118 2464 216 2522 cordos
230 2466 267 2521 sit
281 2473 396 2527 exutus,
417 2463 568 2523 dummodo
590 2485 637 2523 eas
650 2482 754 2522 exuere
779 2463 828 2522 diu
849 2482 907 2522 non
924 2464 1032 2524 distulit:
1056 2458 1065 2536 1

117 2565 170 2602 nec
185 2546 269 2602 etiam
284 2545 319 2603 de
334 2548 445 2620 integris
472 2545 582 2603 Hostiis
604 2545 731 2622 ejusdem
756 2548 800 2603 sui
814 2544 965 2610 sacrificii,
984 2564 1032 2623 que
1057 2541 1065 2614 1

117 2635 262 2704 supersunt
275 2635 339 2704 post
352 2625 575 2684 distributionem
587 2625 799 2697 communionis,
818 2627 843 2685 si
857 2645 965 2705 nempe
974 2626 1032 2684 cela·

116 2707 198 2765 bruns
213 2706 552 2785 surupseriteblntionem.
1060 2765 1065 2778 Ἰ

159 2788 231 2846 Haec
244 2789 339 2846 omnia
352 2787 552 2865 intelliguntur,
571 2787 636 2845 dum
651 2787 775 2866 praefetae
785 2788 911 2867 reliquiae
925 2800 957 2849 et
970 2789 1033 2848 Hos·

116 2871 162 2926 tier
177 2870 237 2928 sine
253 2870 376 2948 periculo
390 2869 534 2948 pereundi,
559 2879 589 2927 ot
602 2869 731 2928 decenter
751 2871 884 2928 asservari
899 2891 958 2930 non
982 2890 1033 2949 pos·
1061 2865 1065 2992 ε

116 2959 192 3007 suut.
1062 3001 1065 3004 Α

156 3029 288 3089 'Pandam
302 3031 350 3089 hic
363 3030 477 3089 observa
490 3051 529 3090 ex
551 3033 695 3090 communi
709 3033 791 3110 praxi
805 3040 835 3089 et
845 3051 930 3090 sensu
948 3031 1033 3090 Eccle-
1064 3029 1065 3036 ’

117 3113 173 3178 siae,
197 3121 226 3168 et
248 3114 334 3189 juxtu
349 3131 528 3171 communem
545 3113 753 3191 Theologorurn
767 3115 949 3185 sententiam,
970 3111 1035 3189 quot

118 3192 253 3250 Sacerdos
269 3214 321 3251 noo
334 3192 451 3270 jejunus
468 3193 606 3252 celebrare
633 3214 690 3251 non
710 3196 806 3271 possit,
827 3200 858 3251 ut
882 3193 1043 3272 parochiani·

117 3274 235 3332 audiunt
249 3279 365 3332 Sacrum
381 3273 425 3332 die
440 3273 519 3343 festo,
534 3275 576 3332 vel
595 3283 630 3332 ut
641 3276 703 3352 quis
717 3277 904 3334 communicet
922 3278 952 3334 in
975 3275 1035 3333 Pes-

117 3354 218 3411 chete:
240 3375 291 3412 nec
305 3359 399 3422 etiam,
422 3365 455 3413 ut
468 3355 574 3413 habeut
595 3355 727 3413 Hostiam
757 3354 939 3415 deferendum
962 3358 1035 3415 mori·

117 3432 212 3492 tundo
228 3456 277 3514 pro
293 3436 422 3506 Vintium
445 3437 496 3495 sed
521 3439 595 3515 quia,
617 3443 682 3495 cum
700 3436 755 3495 hoc
780 3437 976 3495 convenienter
991 3439 1036 3495 irn-

114 3513 184 3592 pleri
208 3536 266 3578 non
287 3520 381 3597 possit,
403 3537 461 3579 non
483 3516 587 3597 obligat
611 3527 785 3598 preceptum
798 3517 923 3578 diuinum
938 3522 966 3578 in
987 3517 1038 3597 hoc
