2130 3990
90 126 126 181 lo
460 140 640 185 amaracus

87 284 230 344 fachoest
250 281 287 344 ad
301 282 431 345 alterum.
471 284 512 343 2⁰·
534 286 571 346 ln
591 287 655 345 Deo
678 293 739 346 erat
751 288 875 349 strictum
893 286 950 365 jus,
972 289 1019 346 cni

84 363 245 425 satisfacere
255 365 383 426 Christus
397 369 553 446 acceptavit
563 387 613 446 pro
626 363 821 445 redemptione
832 374 934 429 nostra.
974 367 1017 426 3⁰·

89 446 189 505 Etiam
198 445 317 506 reddidit
325 447 509 526 aquinatem,
524 448 591 507 ciam
600 467 639 507 ex
648 444 729 509 dictis
740 451 849 509 numeri
859 447 1018 527 preceden-

87 529 134 594 tis,
155 527 267 587 aurem
280 527 391 587 honoris
405 529 470 587 Deo
483 526 646 602 reddiderit,
667 531 806 608 quantum
823 529 932 609 injuria
954 530 1018 588 Deo

89 606 304 669 fueratlllatnm
329 626 378 687 per
399 616 566 689 peccatum3
588 610 713 689 quinimo
737 630 791 670 non
804 611 917 671 tentiam
932 611 1018 689 requi-

87 689 193 761 valenr,
211 688 260 748 sed
284 690 371 749 etiam
393 689 623 769 superabundans
646 688 701 751 fuit
721 691 872 753 satisfactio
900 690 1016 751 Christi.

89 768 166 828 Vide
172 769 341 849 Apostolum
351 769 390 830 ad
401 771 485 830 Rom.
495 791 558 850 cap.
572 771 603 831 5.
612 780 641 833 et
647 770 718 831 alias
726 772 909 833 authoritates
917 775 1017 832 citatas

85 852 106 908 a
121 850 239 911 Billnart
252 859 280 911 et
293 849 428 911 deductas
437 850 631 912 dissertatione·
644 852 690 912 19.
705 863 759 912 art.
774 854 804 912 6.
977 912 980 919 ,

126 930 197 1009 Obj.
212 932 340 992 Christus
354 931 406 991 sibi
419 934 473 1012 ipsi
485 932 628 1003 sahsfecit,
643 933 710 992 cum
725 946 801 995 esset
816 934 911 996 Dens:
935 936 1016 1014 atqui

83 1011 372 1092 satisfactiorigorcsa
384 1011 469 1074 dehet
481 1033 541 1072 esse
551 1013 586 1073 ad
600 1015 735 1074 alterum:
758 1034 832 1095 ergo,
854 1013 909 1081 doc.
1022 1050 1024 1055 ·

129 1094 166 1152 R.
183 1094 307 1172 Disting.
322 1095 471 1153 minorem:
488 1093 571 1152 debet
580 1114 639 1152 esse
648 1093 810 1156 adaltemm
823 1097 932 1165 naturai,
945 1114 1013 1154 con·

85 1175 155 1233 cedo
169 1175 320 1235 niinorem:
343 1174 380 1234 ad
393 1176 663 1255 alterumsupposito
676 1196 725 1237 seu
740 1178 865 1256 persona,
881 1196 951 1253 nego
961 1181 1013 1234 mi·

84 1276 196 1315 norem:
218 1264 248 1314 et
260 1255 332 1326 dico,
353 1255 431 1335 quod
443 1255 481 1316 ad
494 1257 712 1317 satisfactionem
729 1262 877 1337 rigorosam
892 1255 1014 1316 sufficiat

85 1337 225 1396 distinctio
238 1346 400 1396 naturarum
414 1339 443 1397 in
457 1335 557 1411 eodem
571 1341 729 1418 supposito3
752 1339 828 1399 unde
838 1336 967 1401 Christus
981 1349 1014 1398 ut

84 1425 241 1477 sustentans
263 1426 393 1477 naturam
417 1417 571 1478 humanam
595 1418 729 1479 satisfecit
741 1421 793 1480 sihi
805 1422 857 1500 ipsi
870 1419 1018 1479 utsuhsis-'

83 1500 308 1638 ῑεηῐίἰυέἓῑυη
320 1499 421 1559 divina.
465 1499 543 1560 Fuso
557 1498 619 1561 hac
628 1500 759 1579 Wiggers
773 1509 868 1581 quaect.
892 1499 938 1558 19.
959 1500 1009 1560 du·

83 1581 129 1640 bio
142 1581 172 1652 4,
241 1626 247 1638 .
526 1612 528 1617 2
660 1578 664 1585 “

126 1661 167 1719 ll.
188 1661 221 1719 Si
235 1659 362 1720 Christos
381 1659 519 1721 satisfecit
532 1681 579 1740 pro
601 1664 848 1742 peccatisnostris,
870 1662 1011 1744 quomodo

299 1745 305 1755 ·
434 1744 440 1757 ·
561 1742 572 1782 t

82 1741 664 1903 argidndlldrfdmdhlddsstddrdidgtotddddrduidem
677 1821 817 1885 satisfecit
830 1823 922 1904 quoad
932 1822 1015 1903 suffit

81 1905 225 1970 cientium.
246 1903 298 1963 sed
307 1923 365 1962 non
381 1903 474 1982 quoad
489 1905 717 1984 applicationem,
739 1925 824 1986 quam
840 1906 950 1984 reliquit
960 1906 1009 1964 he-

80 1985 219 2064 neplacito
230 1984 338 2053 Parnm
357 1993 386 2043 et
396 1986 461 2043 hinc
471 1987 556 2044 ctiam
567 1989 800 2066 sequiturcoutra
810 1986 949 2046 Sectarios
959 2006 1009 2052 neq

81 2068 196 2124 cessitas
205 2065 341 2124 bonomo
350 2084 467 2144 operum
477 2065 733 2128 etsatisfactionum
743 2087 793 2146 per
799 2070 1005 2146 poeniteutiam,

80 2145 135 2206 διο.
148 2147 235 2225 juxta
246 2143 352 2205 dictum
367 2145 463 2225 Apost.
475 2145 512 2207 ad
522 2146 632 2209 Coloss.
642 2168 705 2229 cap.
720 2147 785 2217 lrs.
800 2149 850 2206 24.
878 2150 897 2181 “
907 2148 1008 2208 Adim-

79 2230 267 2308 p'leoeaqase
281 2227 381 2287 desunt
395 2228 562 2289 Passienum
576 2226 714 2289 Christi.''
899 2226 906 2306 J

117 2308 270 2371 Undenam
283 2307 324 2379 fit,
346 2307 422 2386 quod
435 2311 536 2369 marita
548 2318 578 2368 et
596 2310 799 2370 satisfactiones
820 2307 925 2369 Christi
948 2330 1006 2368 non

78 2390 210 2448 omnibus
223 2388 415 2467 applicentur?

120 2471 158 2529 R.
175 2470 208 2528 ld
222 2471 343 2548 pertinet
356 2470 392 2529 ad
403 2471 592 2530 inscrutabilia
602 2469 710 2550 judicia
721 2471 793 2531 Dei:
807 2480 933 2550 exparte
943 2492 1007 2531 nos·

77 2562 120 2611 tra
132 2551 161 2611 id
173 2551 285 2610 evenire
297 2561 391 2629 potest
413 2554 493 2629 quasi
508 2556 526 2610 si
540 2555 695 2631 posteriori:
718 2556 786 2635 quia
807 2555 870 2613 Deo
927 2555 1006 2613 rmil-

77 2643 154 2693 tcnte
167 2634 254 2691 oritur
262 2631 504 2710 impedimentum,
524 2632 569 2692 vel
581 2654 618 2692 cx
629 2642 723 2693 nostra
732 2634 846 2707 malitia,
860 2574 1005 2692 ecditiam

76 2735 115 2773 ex
129 2733 213 2773 cause
227 2712 357 2786 naturali,
371 2721 403 2774 ut
414 2715 443 2773 in
457 2715 579 2792 parvulis
589 2716 651 2774 sine
664 2714 808 2795 Baptismo
823 2714 1004 2774 morientibus

76 2799 105 2855 in
120 2805 197 2856 utero
207 2802 342 2861 materno.

117 2951 162 3011 Ν.
172 2950 202 3008 5.
218 2948 277 3008 DE
291 2946 428 3011 CAUSA
442 2948 590 3008 FlNALI
604 2947 911 3008 INCARNATION
914 2949 960 3008 IS.

192 3099 197 3110 ⁴
278 3099 308 3158 S.
334 3099 433 3161 Tkom.
449 3107 551 3181 quaesl.
565 3104 592 3159 1.
607 3105 665 3160 art.
680 3096 709 3158 ³.
726 3106 755 3160 el
767 3099 794 3159 4.

75 3258 100 3316 Ι.
117 3255 254 3316 sensam
267 3241 494 3331 compensasset,
512 3251 650 3311 constes
660 3269 717 3309 non
731 3253 866 3308 verrrsset.
888 3249 929 3308 li.
944 3248 1002 3309 Ot-

100 3400 102 3405 ,
180 3336 300 3415 jt'ct'unt
314 3333 458 3394 Scottistoe.
501 3333 558 3393 ΙΙΙ.
576 3331 733 3413 objiciunt
745 3330 883 3390 ulterior.

77 3480 81 3485 '
113 3467 230 3537 Quarta
248 3465 335 3525 Filius
344 3465 400 3524 Dei
413 3472 458 3525 est
469 3465 648 3525 iocamatus?

81 3608 85 3613 ,
116 3547 155 3619 B.
179 3547 336 3626 Responsio
351 3547 550 3619 Catechistica,
564 3564 626 3625 quae
636 3545 711 3603 bona
721 3551 771 3618 est,
784 3552 827 3604 est
839 3542 917 3603 hcc:
935 3548 955 3573 “
969 3550 1001 3601 ut

60 3618 204 3731 lllliemret
217 3622 266 3687 no's
280 3631 298 3688 a
311 3629 488 3687 servituteet
497 3630 658 3706 captivitate
671 3625 815 3693 dramonis,
837 3624 891 3697 hoc
905 3632 957 3697 est,
980 3625 1000 3680 εὶ

60 3706 194 3768 oboram
207 3709 336 3790 originali
352 3719 381 3769 ct
393 3707 456 3770 aliis
470 3706 689 3791 personalibus?
