2130 3990
366 206 407 250 nr
430 206 648 251 Eucuhuls't'tu.
910 190 972 253 298

46 431 76 491 i.
92 431 147 495 29.
173 433 231 494 DE}
252 432 787 575 MlNlSTilqpsffillleIClENTE
809 431 971 497 nucul-

177 675 210 736 S.
227 677 328 738 Tuom.
342 685 436 758 quest.
449 676 500 736 82.
516 687 572 738 art.
589 675 659 736 1.2.
674 678 703 737 5.
717 676 747 736 7.
762 684 791 736 et
804 676 834 738 8.

51 835 228 898 Minister
244 839 431 917 prinetpol'.
474 839 514 898 ΙΙ.
537 840 735 899 Secundnriua
758 844 803 898 est
818 840 968 903 Sacerdos.

76 919 112 977 ll
115 918 138 976 l.
153 919 252 978 Etiam
270 919 374 984 malua.
398 928 430 979 ut
442 921 603 989 hereticae,
625 925 677 996 dsc.
720 920 773 980 lV.
792 919 899 998 Plures
915 923 968 982 Sa·

76 1001 211 1059 cerdotee
233 1011 409 1060 consecrant
434 1005 551 1061 eandem
566 1004 726 1062 materiam.
767 1001 807 1061 V.
834 1001 875 1063 Ut
889 1002 968 1062 Neo·

76 1084 177 1140 miste.
219 1081 274 1141 VI.
292 1082 382 1142 Circa
402 1086 651 1161 praenotandum.

78 1240 215 1302 Duuunx
243 1249 285 1302 est
301 1244 430 1304 Minister
453 1244 651 1320 Eucharistiae,
671 1265 743 1305 unus
756 1246 907 1306 conficiens
929 1264 964 1305 eu

47 1328 260 1394 onsecrationis,
276 1326 345 1384 alter
358 1325 583 1405 dispensationis.

79 1403 104 1464 I.
119 1405 191 1475 Quis
204 1419 247 1464 est
258 1406 392 1466 Minister
405 1407 653 1467 consecrationis?

79 1485 122 1544 ll.
141 1486 180 1550 R.
204 1487 372 1566 Principalis
399 1496 444 1546 est
467 1488 595 1547 Christus
611 1489 768 1546 Dominus:
789 1486 969 1547 secundarius

47 1570 102 1625 reri
113 1586 202 1645 egens
223 1588 261 1626 ex
275 1567 399 1628 Persona
416 1569 519 1628 Christi
541 1580 583 1627 est
596 1568 734 1628 Sacerdos
757 1569 883 1647 legitimi
898 1568 969 1629 ordi·

47 1658 119 1707 uetus
132 1648 168 1706 de
181 1667 238 1727 quo
252 1649 298 1708 hic
311 1650 401 1708 solum
415 1652 516 1729 egitur.

80 1728 168 1788 Ratio
190 1728 296 1789 efficax
318 1740 361 1791 est
373 1731 433 1789 sola
459 1732 589 1790 voluntas
604 1730 711 1790 Christi
724 1730 841 1790 solosA
863 1729 969 1790 ostoloe

48 1826 192 1889 eorumque
206 1808 770 1871 inSacerdotiosuccessores'institueutis
780 1752 969 1871 Eucharistiae

48 1891 220 1951 uoluendo
246 1893 415 1959 Ministros:
438 1902 470 1951 ut
495 1894 626 1952 Ecclesia
649 1913 759 1972 semper
773 1892 918 1952 intellexit
930 1912 968 1951 ex

48 1968 185 2031 turornis
200 1972 287 2032 Lucae
301 1993 360 2050 cap.
376 1973 427 2032 22.
441 1993 464 2034 v.
483 1977 528 2034 19.
558 1972 733 2052 Hocsaet'te
742 1978 771 2032 in
787 1995 879 2033 meam
891 1992 968 2032 com·

48 2057 282 2114 metationem.
317 2054 394 2115 Vide
417 2055 498 2114 Trid.
518 2075 584 2114 sess.
595 2056 645 2114 22.
661 2056 696 2115 do
710 2057 856 2116 Sacrificio
871 2055 968 2114 Missa

48 2150 68 2191 a
90 2133 143 2192 .l.
157 2145 190 2194 et
203 2155 265 2195 cun.
279 2134 308 2193 2.
531 2178 533 2182 ⁴

66 2152 162 2276 iterio
176 2219 366 2294 congruentia
381 2226 432 2290 est,
453 2216 527 2297 qudd
540 2217 593 2276 hoc
605 2219 821 2276 Sacramentum
836 2215 969 2277 conficia-
1001 2288 1004 2294 ι

48 2296 287 2369 urSnerifioendo,
308 2297 435 2374 adeoque
449 2301 646 2358 convenienter
660 2303 770 2358 uotum
786 2296 903 2369 abillis,
919 2300 969 2377 qui

49 2376 68 2437 d
82 2377 143 2438 hoo
156 2379 271 2458 speciali
285 2378 448 2439 charactere
458 2391 524 2438 sunt
536 2382 668 2458 insigniti.

69 2457 132 2518 111.
162 2462 247 2518 Porro
266 2466 329 2518 cum
356 2480 520 2520 consecrare
540 2464 576 2519 sit
589 2470 666 2519 actus
690 2463 837 2539 potestatis
852 2459 969 2519 Ordinis

49 2539 231 2614 hoerdotalis,
245 2561 307 2620 qnae
316 2560 380 2599 cum
394 2543 557 2603 charactere
567 2540 787 2601 inamissibiliter
797 2551 966 2620 perseverat;

49 2621 98 2680 ino
113 2622 211 2681 valide
225 2630 375 2681 consecrat
397 2627 488 2682 omnis
503 2623 651 2693 Sacerdos,
673 2625 854 2701 quantumvis
869 2620 968 2693 mulus,

51 2705 192 2777 creticus,
206 2723 362 2782 suspensus,
376 2706 647 2772 excommunicatus,
660 2702 826 2780 degradatus
837 2700 910 2775 διας
926 2704 969 2760 in·

49 2783 126 2844 elide
136 2794 232 2842 autem
247 2786 430 2863 quiscumque
444 2807 499 2844 non
515 2784 663 2844 Sacerdos.

70 2864 119 2922 An
148 2867 242 2943 plures
266 2865 431 2925 Sacerdotes
454 2870 558 2946 possint
583 2865 666 2925 simul
692 2862 810 2923 candem
825 2862 968 2924 materiam

50 2950 222 3004 onsecrarc?
244 3015 247 3021 ³

74 3025 129 3085 lV.
149 3027 186 3084 R.
202 3027 388 3097 Affirmatirh,
410 3028 435 3085 si
447 3027 530 3086 simul
545 3028 644 3086 finiant
657 3028 743 3085 verba
760 3025 874 3086 lormae:
896 3026 970 3084 sicut

50 3109 124 3165 ium.
149 3106 197 3166 14.
226 3109 262 3166 de
293 3110 438 3189 Baptismo
466 3109 572 3168 dictum
601 3118 651 3178 est,
674 3110 766 3188 plures
790 3106 872 3167 simul
886 3126 969 3186 posse

50 3187 154 3247 undem
165 3189 319 3269 baptizare.

73 3270 165 3328 Casus
189 3281 296 3343 autem,
317 3291 373 3350 quo
397 3270 425 3329 id
451 3274 536 3329 etiarn
566 3269 643 3329 licite
658 3271 700 3336 fit,
721 3267 970 3347 assignaturhicit

50 3354 63 3409 t.
79 3351 187 3410 Thom.
204 3360 256 3413 ert.
267 3352 296 3408 2.
307 3354 336 3410 in
357 3352 445 3430 Corp.
459 3363 489 3411 et
502 3350 677 3410 Authoribus
688 3353 800 3429 passim,
823 3369 926 3428 nempe
939 3351 969 3408 in

50 3432 192 3492 leomistis
212 3432 295 3491 simul
310 3431 547 3491 Consecrantibus
563 3452 626 3490 cum
642 3433 785 3511 Episcopo
800 3430 968 3490 Ordinante.
1025 3474 1032 3538 p

74 3512 114 3574 V.
130 3514 260 3583 Quidam
288 3523 385 3572 tamen
406 3517 580 3586 existimant,
609 3513 772 3571 Neornistas
786 3514 815 3571 in
832 3531 899 3571 casu
913 3515 970 3570 ndu

51 3614 202 3666 onsecrare,
223 3594 375 3654 sedentum
395 3595 587 3675 Episcopum:
608 3593 769 3672 dicuntque,
788 3593 875 3672 juxta
889 3611 970 3651 men·

50 3695 89 3735 em
117 3677 257 3737 Ecclesiae
279 3676 365 3735 verba
391 3675 650 3737 Consecrationisi
667 3675 822 3736 Neomistis
836 3693 891 3733 non
904 3690 976 3754 prog
