2130 3990
77 170 119 231 68
328 178 333 215 “-
406 180 412 213 ·-
447 182 626 231 salomon
640 200 652 213 ·-

77 336 141 413 ipsa
168 350 253 392 causa
263 330 480 412 justificationis,
497 351 564 411 „qua
591 337 634 391 est
661 328 758 388 Passio
772 326 897 397 Christi;
920 325 1012 385 forma

73 412 291 509 justificationis,
312 431 374 493 qua
398 419 440 473 eu
453 412 571 483 Gratia;
592 416 623 471 el
642 407 943 489 finisjustificationis,
963 408 1011 486 qui

78 494 264 655 ⁰StRcblsliiibiu
286 574 395 635 horum-
406 577 492 635 trium
505 583 599 635 erant
611 572 798 633 Sacramenta
810 572 913 631 veteris
928 569 1011 648 Iem's

80 658 160 737 signa
172 662 281 716 tantum
291 659 482 736 prognostica.

95 820 136 879 n.
150 819 180 880 3.
202 818 345 889 onnus
366 772 536 881 sianum
553 818 625 877 -srr
647 812 1006 876 secationis-rurus
1043 844 1061 977 J

85 983 109 1041 1.
124 982 182 1042 Est
202 985 324 1059 sz'gnum
338 979 485 1041 sensibile.
528 981 568 1040 ΙΙ.
590 979 633 1039 Ob
647 985 775 1061 quotuor
794 982 927 1038 rationes
945 996 1011 1036 con·
1052 980 1061 1021 i

124 1067 278 1141 gruentiae.
300 1063 359 1122 111.
373 1062 577 1123 Arbitrarium.
599 1060 653 1120 IV.
668 1058 1011 1138 Stabileetpermanem.
1050 1065 1061 1105 ν’

127 1145 165 1203 V.
181 1144 299 1225 Efficax
325 1152 353 1203 et
374 1148 553 1223 practicam.
606 1141 663 1202 VI.
687 1142 729 1201 Et
758 1143 892 1200 Sumam.
944 1138 1011 1198 Vll.
1050 1148 1057 1185 ²·

127 1225 255 1285 Vatinii
269 1227 384 1285 ratione
399 1226 585 1285 Sacramenti
596 1223 804 1283 excludentem
1049 1230 1055 1265 ὲ

112 1389 152 1446 ·l.
168 1388 262 1445 Rasa
290 1387 389 1466 primo,
412 1396 456 1446 est
481 1389 593 1467 signum
621 1385 767 1461 sensibile,
788 1404 836 1443 seu
855 1382 966 1443 risibile
988 1390 1014 1441 ot
1049 1394 1061 1425 .:

87 1478 247 1528 externum.

129 1550 170 1609 ll.
186 1549 281 1612 Quare
294 1550 479 1631 Sacramenta
493 1549 620 1628 instituta
632 1556 697 1607 suni
709 1551 738 1607 in
753 1567 784 1608 re
796 1539 946 1605 sensibili?
1058 1556 1061 1561 “

132 1632 171 1691 R.
200 1631 305 1690 Praeter
329 1630 501 1689 voluntatem
529 1631 700 1688 instituentis
720 1631 805 1689 varica
820 1628 1013 1687 suntrationes

90 1714 294 1789 congruentia:
316 1712 424 1771 scilicet
453 1716 489 1769 1⁰·
505 1710 579 1790 quiid
592 1712 633 1769 sic
646 1711 733 1770 homo
746 1712 840 1787 magis-
848 1709 971 1787 congrue
982 1707 1016 1767 sl

92 1813 174 1851 suam
186 1800 315 1852 naturam
326 1791 448 1871 juvetur,
469 1795 487 1850 i
500 1791 677 1852 sensibilibus
689 1791 728 1851 ad
742 1788 915 1851 insensibilia
929 1806 1025 1869 persa·-

92 1872 205 1932 niendo.
707 1884 710 1889 '
1008 1916 1011 1923 .

129 1953 170 2010 2⁰·
192 1953 288 2013 Utsic
308 1955 377 2028 apte
390 1953 563 2027 humilietur,
583 1952 651 2011 dum
673 1953 786 2013 irabus
800 1950 981 2011 sensibilibus
993 1957 1019 2010 et

91 2033 167 2094 inira
192 2053 222 2093 sc
248 2036 345 2114 positis
370 2037 546 2095 sanctitatem
574 2037 705 2095 amissam
720 2036 801 2114 quasi
814 2042 939 2113 repetere
953 2050 1022 2111 cogi

90 2124 146 2177 tur.
949 2152 953 2159 ·

135 2202 175 2257 3⁰·
191 2197 268 2267 Quia
280 2197 465 2273 Sacramenta
476 2207 542 2258 sunt
555 2198 726 2257 ceremonia
755 2195 888 2255 Ecclesia
902 2190 1034 2263 visibilia--

95 2280 196 2356 quibus
210 2279 268 2337 Dei
280 2278 398 2339 cultores
412 2282 441 2338 in
454 2300 511 2337 una
534 2280 671 2356 religionis
684 2297 785 2337 norma
798 2276 976 2355 colligantur,
996 2284 1022 2335 et

97 2361 199 2439 quibus
213 2358 249 2417 ab
263 2359 326 2417 aliis
340 2360 555 2436 distinguuntur.

139 2439 179 2496 4⁰·
193 2440 237 2502 Ut
250 2442 453 2520 omnipotentia
468 2442 525 2499 Dei
538 2440 751 2516 demonstretur,
771 2460 835 2521 quae
849 2458 898 2521 per
909 2458 1025 2501 res-sen·

98 2521 193 2582 sibiles
207 2519 304 2580 salutis
318 2521 472 2580 remedium
486 2528 606 2601 prestat.
1012 2560 1015 2566 ·

139 2602 196 2660 III.
211 2600 352 2673 Secundo,
364 2603 577 2661 Sacramentum
586 2609 629 2660 est
637 2602 747 2681 signum
758 2601 958 2669 arbitrarium,
972 2620 1026 2659 non

99 2682 246 2747 naturale;
269 2685 393 2762 quamvis
417 2685 495 2743 enim
522 2682 655 2747 fundetur
677 2687 705 2742 in
723 2683 828 2761 'aliqua
847 2681 1030 2743 similitudine

99 2767 140 2823 rei
153 2763 334 2844 significantis
349 2765 383 2824 ad
399 2784 457 2823 rem
471 2766 666 2842 significatam,
687 2785 712 2822 v.
726 2784 765 2842 g.·
777 2767 805 2824 in
821 2765 968 2844 Baptismo
980 2763 1029 2821 ab·

99 2845 214 2904 lotionis
236 2845 384 2925 corporalis
408 2846 444 2904 ad
458 2846 630 2905 ablutionem
654 2845 838 2923 spiritualem,
861 2850 1032 2926 (quosensu

104 2926 219 2985 dicits,
248 2928 434 3006 Augustinus,
462 2928 555 3006 Epist.
569 2925 618 2988 68.
632 2926 702 2985 alias
725 2925 776 2986 23.
817 2928 1034 2986 “Sacramenta

101 3009 124 3039 ‘⁴
137 3006 241 3065 habent
267 3007 419 3084 quamdam
447 3007 658 3070 similitudinem
679 3027 773 3066 earum
788 3028 890 3075 rerum,
912 3026 1034 3087 quarum

106 3093 125 3120 “
141 3096 206 3145 sunt
226 3087 454 3166 Sacramenta,”)
476 3109 533 3148 non
560 3089 667 3147 habent
681 3097 784 3160 tamen,
807 3089 883 3170 quiid
898 3088 1042 3163 Gratiam·

102 3169 270 3246 significent,
289 3173 441 3246 prasertim
464 3169 548 3228 modo
566 3170 765 3231 sacramentali
777 3180 807 3232 et
820 3174 956 3250 practico,
967 3173 1034 3231 nisi

106 3268 146 3308 cx
161 3251 333 3308 institutione
346 3249 448 3309 divina.

146 3328 201 3388 lV.
223 3331 318 3389 Tertio
331 3330 417 3390 debet
438 3349 498 3388 esse
513 3331 665 3411 “Signum
685 3331 786 3394 stabile
796 3341 827 3392 et
840 3330 1037 3412 permanens‚”

108 3408 127 3466 i
139 3412 246 3490 populo
257 3411 330 3471 illius
343 3412 483 3490 religionis
495 3409 741 3493 frequentandum

148 3491 229 3551 Nota
253 3500 358 3563 tamen,
380 3492 456 3574 qubd
478 3494 667 3555 Sacramenta
693 3516 748 3555 non
777 3494 898 3555 debeant
922 3514 1038 3575 semper

110 3569 217 3644 durare,
238 3573 288 3632 sed
302 3574 412 3633 lantrirn
423 3573 542 3649 tamdiu,
564 3576 652 3655 quim
671 3586 816 3658 permanet
829 3577 935 3655 religio,
957 3578 1038 3657 cujus

110 3661 176 3712 suot
188 3657 285 3733 signa3
308 3664 340 3715 ut
353 3656 664 3734 paletinSacramontis
679 3658 768 3738 [egis-
777 3660 919 3719 Natura.-

115 3768 118 3773 ·
151 3732 189 3794 V.
203 3736 319 3809 Quam,
331 3743 382 3800 at
403 3739 514 3815 signnm
528 3743 549 3820 ⁶⁴.
562 3736 667 3801 efficax
684 3748 714 3803 et
726 3739 907 3822 practicam,”
929 3741 1040 3803 scilicet
