2130 3990
104 176 166 239 2⁰8
455 190 631 245 raserarus

143 339 261 418 Quidni
275 339 378 421 aliquis
390 347 456 420 post
468 339 671 401 confessionem
686 335 812 417 legitime
826 335 934 396 iactam
948 354 1024 396 recor·
1055 386 1059 421 Ξ

101 416 185 481 datm
198 418 318 502 alicujus
330 424 442 502 peccati
455 420 590 496 mortalis,
611 421 686 500 quod
700 418 913 499 inculpabiliter
925 414 1024 479 omisit?
1055 464 1059 500 ξ

143 501 182 560 V.
200 502 237 562 R.
254 501 408 562 Probabilis
415 501 532 581 ¹quidem
545 512 588 561 est
600 502 742 560 sententia
755 499 852 559 Callet
866 507 897 557 et
910 497 1025 575 aliorum,
1055 530 1059 582 p

105 582 181 664 qudd
207 582 273 643 talis
297 583 451 643 satisfaciat
477 582 544 643 illud
574 591 721 664 peccatum
747 578 913 641 confitendo
934 589 1024 658 posteo,

102 665 207 741 nempe
221 674 287 747 post
300 667 553 723 Cornmunionern:
573 671 637 722 cnm
647 663 708 742 jam
723 662 864 723 indirecte
889 659 928 719 ab
942 659 988 720 illo
998 666 1022 723 sil

102 744 257 816 absolutus,
278 754 307 807 et
332 756 538 825 consequenter
560 746 622 825 jam
649 747 685 804 sit
704 747 732 803 in
746 753 822 803 statu
836 743 948 822 gratiae.
988 742 1022 801 lo·

101 828 182 885 terim
204 827 376 887 communior
402 835 431 884 et
457 829 486 886 in
515 829 592 906 praxi
619 830 706 886 tutior
730 824 943 895 maentaatia,
962 823 1022 901 qood
1057 852 1059 857 ·

102 906 165 966 talis
192 916 322 968 teneatur
346 905 418 967 illud
445 907 580 982 confiteri,
600 915 753 986 antequam
773 905 982 965 communicet:
999 915 1023 964 ut

101 996 182 1067 patet
195 991 281 1048 etiam
294 988 439 1048 communi
452 987 511 1047 iere
529 1008 610 1047 scuni
625 986 763 1060 fidelium,
783 989 874 1068 quisi
888 983 1021 1047 recorded

103 1080 148 1127 tur
160 1069 285 1150 alicujus
313 1071 422 1151 peccati
450 1069 574 1128 mortalis
587 1071 644 1128 siae
658 1073 738 1141 certi,
758 1070 818 1128 sive
831 1065 914 1128 dubii
927 1067 954 1124 in
967 1087 1021 1126 eoo·

101 1149 222 1209 fossione
249 1151 352 1222 omasi,
371 1150 463 1211 solent
485 1150 575 1209 redire
594 1151 631 1209 ad
645 1149 861 1221 confemionem,
883 1152 1022 1227 antequem

102 1233 326 1292 communicent:
339 1230 415 1291 unde
424 1234 590 1291 contrariam
600 1232 763 1291 sententiam
776 1230 864 1310 longe
878 1228 1022 1289 alidan-

104 1311 215 1370 anribua
229 1312 426 1372 removendam
441 1311 510 1371 dicit
523 1312 707 1391 Steyaertius.

144 1392 240 1452 Posset
252 1402 345 1452 mmen
357 1391 406 1453 ille
418 1392 455 1452 dc
467 1412 524 1472 quo
537 1396 565 1451 io
581 1414 657 1462 casu,
682 1392 752 1452 alias
764 1391 928 1453 functiones
940 1410 1024 1452 sacras

103 1490 245 1552 peragere,
267 1494 293 1532 v.
308 1494 336 1553 g.
349 1473 486 1533 Sacerdos
513 1473 749 1532 communionem
765 1472 945 1543 distribuere,
964 1492 1019 1533 con·
1057 1524 1059 1533 .

100 1553 236 1613 sessiones
248 1558 385 1635 excipere,
408 1552 461 1615 dcc.
478 1576 593 1613 rnaoens
606 1557 718 1613 interim
731 1554 872 1634 obligatus
886 1552 955 1615 illud
968 1574 1021 1634 prec-
1056 1554 1059 1623 l

101 1644 196 1695 catum
211 1639 343 1696 omasum
357 1645 456 1716 postea
469 1636 602 1697 confiteri.
1057 1636 1059 1643 '

102 1838 142 1896 N.
156 1837 208 1898 83.
224 1837 505 1909 QUANDONAM
526 1838 679 1899 Ltcnnr
695 1836 1020 1903 COMMUNICARu

222 1919 315 1980 NON
337 1918 564 1980 PRAEMJSSA
586 1917 910 1981 CONFESSIONE?

101 2104 124 2161 l.
144 2103 288 2165 Conscius
309 2109 432 2184 peccati
444 2104 586 2178 mortalis,
606 2101 709 2163 elicita
722 2105 909 2173 contritione,
926 2111 1015 2182 potest

140 2191 362 2247 communicare.
385 2187 425 2244 ll.
440 2186 520 2246 Dum
547 2189 630 2245 deest
651 2191 738 2263 copia
756 2184 949 2265 confessarii.
970 2184 1016 2245 lll.
1047 2256 1049 2261 Ι

139 2268 181 2326 Et
200 2276 246 2327 est
258 2272 418 2327 necessitas
431 2267 592 2327 celebrandi
605 2263 650 2326 uel
661 2268 908 2326 communicandi.

138 2449 234 2509 Rasa.
253 2447 291 2504 1⁰·
307 2447 339 2508 ld
355 2450 422 2509 licet
433 2450 483 2524 illi,
507 2449 555 2527 qui
573 2452 715 2527 praemisso
738 2447 834 2507 debito
848 2449 1016 2507 conscientia
1050 2442 1053 2453 '

41 2599 44 2605 .
96 2533 230 2591 examine
256 2550 312 2588 non
326 2537 368 2590 ast
379 2530 433 2590 sibi
461 2533 586 2590 conscius
599 2531 682 2589 ullius
696 2533 804 2610 peccati
818 2530 954 2603 mortalis,
972 2531 1017 2588 siu

98 2615 174 2682 certi,
196 2615 253 2672 sive
268 2610 346 2670 dubii
357 2633 364 2685 ;
386 2611 496 2672 summe
516 2621 611 2671 tamen
624 2610 772 2671 laudabilis
785 2618 828 2669 ert
840 2618 870 2668 et
883 2609 1018 2671 retinenda

97 2696 204 2772 praxis,
217 2692 273 2774 qud
287 2692 424 2752 Sacerdos
439 2693 480 2752 vel
495 2693 612 2772 populus
625 2691 797 2771 aliquamdiu
813 2691 960 2751 confessus
973 2694 1016 2751 iu·

96 2793 158 2833 rum
178 2775 296 2835 recurrit
318 2773 356 2835 ad
378 2772 589 2846 cenfessionem,
609 2775 773 2853 priusquam
785 2772 907 2832 accedat
920 2773 960 2833 ad
972 2774 1016 2833 hoc
1054 2782 1059 2851 'l

96 2859 318 2916 Sacramentum.
1054 2882 1056 2887 ·

139 2939 161 2995 l.
171 2936 214 2993 2⁰·
231 2936 262 2997 ld
278 2957 327 3012 per
340 2935 470 2996 accidens
484 2937 551 2996 licet
563 2935 615 3009 illi,
636 2936 684 3015 qni
698 2935 750 2994 sibl
761 2937 890 2995 conscius
904 2944 949 2994 est
961 2955 1017 3016 pcc·

97 3021 155 3079 cati
177 3018 319 3090 morsalin
343 3017 410 3077 dum
425 3037 526 3098 nempe
539 3016 601 3075 hac
615 3015 672 3076 duo
684 3017 768 3076 simul
781 3023 959 3084 concurrunt,
979 3037 1017 3075 ne·

96 3101 209 3159 cessitas
222 3098 382 3158 celebrandi
395 3098 438 3159 val
459 3098 697 3167 communicandi,
718 3107 750 3158 et
759 3098 839 3160 deest
851 3100 936 3176 copia
950 3097 1016 3157 Con·

96 3181 218 3240 fessarii:
240 3179 325 3240 modo
352 3183 438 3239 etiam
462 3179 595 3239 allaboret
622 3180 764 3258 pervenire
777 3178 815 3239 ad
828 3182 1016 3240 conuitiorum

95 3263 264 3340 perlactam3
288 3261 354 3340 quia
381 3263 508 3322 contritio
531 3261 702 3341 imperfecta,
721 3263 834 3340 cognita
855 3280 906 3320 sau
927 3279 1018 3340 appra-

95 3343 183 3401 hensa
195 3352 228 3401 ut
241 3342 314 3413 talis,
336 3362 394 3403 non
405 3351 448 3402 est
460 3340 614 3414 sufficiens;
634 3345 658 3400 si
669 3350 762 3401 tamen
774 3342 847 3403 bonci
855 3341 913 3400 fide
928 3343 1016 3402 existi·

96 3433 196 3498 maret,
210 3444 242 3484 ac
255 3443 317 3484 esse
326 3422 452 3504 perfecte
463 3424 623 3495 contritum,
640 3423 708 3485 nihil
718 3424 827 3486 obstare
835 3423 948 3484 videtur
957 3442 1018 3503 que
