2130 3990
91 120 151 181 332
224 106 228 113 ’
469 134 647 181 nascamus

134 281 205 360 Obj.
245 281 279 343 Si
293 283 312 339 ri
325 290 383 341 tam
396 280 539 361 frequenti
550 280 759 343 communione
768 280 905 339 remormi
918 276 1016 351 debent

93 365 141 445 qui
155 363 309 423 venialibus
322 362 426 423 effectu
436 364 567 432 inhaeret,
588 365 725 440 nequitur,
738 361 816 442 quod
830 364 878 421 clx
899 361 1020 440 justiores

93 451 149 503 sint
168 443 203 503 ud
219 464 281 503 caru
290 444 476 507 admittendi:
497 450 563 505 crim
576 453 607 505 et
619 447 671 524 ipsi
684 443 838 505 offendant
849 446 880 501 in
896 442 997 503 multis.

139 546 176 603 R.
193 544 278 622 Nego
292 545 451 624 sequelam:
473 544 548 603 eliud
564 547 641 603 enirn
669 553 712 603 est
735 562 857 623 peccare
878 544 1020 619 venialiter,
1051 529 1055 587 ¹

95 629 181 685 etiarn
195 624 362 704 frequenter,
383 646 421 685 ex
434 625 648 699 inadiertentia‚
670 625 855 705 subreptione
866 624 913 683 sci
925 634 1020 685 nature
1051 686 1055 697 ⁴

95 709 276 767 infirmitate:
297 707 374 766 eliud
397 716 491 766 autem
519 715 562 765 est
585 706 688 767 affectu
703 705 740 765 ed
753 706 877 771 venialia
904 705 1017 779 detineri,

97 788 169 867 equod
184 797 264 846 sonat
277 788 465 847 edbaesionem
487 797 603 868 peccato
616 807 653 846 ex
677 784 840 847 inordinati
853 787 1015 867 compioeen·
1050 846 1052 856 .

94 874 148 929 tia:
171 871 244 927 unde
264 870 332 929 iicet
352 872 436 948 priori
449 869 534 929 modo
554 876 672 949 peccent
684 871 768 929 etiem
791 868 942 947 justiores,
971 888 1014 928 nor

93 960 186 1010 tamen
200 952 355 1029 posteriori.

137 1051 194 1109 VI.
217 1050 403 1111 Obseruando
416 1051 465 1110 hic
478 1052 563 1111 etiam
577 1058 618 1111 est
631 1050 735 1133 regula,
769 1070 839 1129 uem
854 1050 966 1133 abipsa
977 1072 1014 1109 ex·
1049 1090 1052 1097 ι

95 1133 233 1211 perientia
246 1132 367 1192 desumit
380 1132 411 1191 S.
432 1133 561 1193 Thomas
573 1133 603 1190 in
618 1134 648 1191 4.
670 1133 734 1197 dist.
750 1070 808 1190 52.
835 1154 863 1211 q.
889 1130 983 1191 asan.
995 1132 1013 1191 l.
1050 1165 1055 1222 q

97 1215 262 1293 quaestiuuc.
291 1214 328 1270 2:
373 1214 404 1272 Si
427 1214 528 1293 aliquis
549 1212 813 1293 experimentaiiter
838 1226 1013 1293 cognosceret,

95 1315 132 1351 ex
162 1292 322 1370 quotidiana
348 1297 504 1375 sumptione
517 1294 654 1354 fervorem
668 1297 770 1353 amoris
796 1298 909 1375 augeri,
933 1305 962 1353 et
981 1316 1013 1353 re

94 1374 243 1433 serentium
282 1395 336 1433 non
373 1377 473 1441 minui,
495 1374 559 1435 talis
583 1374 697 1434 deberet
719 1374 848 1453 quotidie
871 1381 1012 1435 communi·

94 1474 171 1525 cere;
194 1458 217 1513 si
232 1461 323 1514 autern
339 1460 462 1530 sentiret,
484 1476 535 1536 per
559 1455 750 1537 qnotidianam
771 1456 1014 1537 frequentationem

94 1537 275 1595 reverentiam
291 1540 392 1611 minui,
413 1548 442 1597 et
469 1538 603 1596 fervorem
620 1558 674 1597 non
690 1538 811 1597 multum
834 1541 945 1617 augeri,
964 1538 1013 1598 talis

96 1617 212 1676 deberet
240 1618 381 1677 interdum
416 1618 562 1688 abstinere,
592 1627 623 1677 ut
649 1639 714 1677 cum
742 1619 843 1699 majori
872 1616 1014 1679 reuerentia

94 1708 123 1756 nt
148 1698 296 1758 devotione
322 1699 503 1779 postmodum
530 1698 687 1760 accederet.
728 1698 807 1759 Haec
819 1709 917 1759 nutem
932 1700 1015 1777 reguis

94 1781 179 1837 eriam
194 1781 327 1860 applicari
341 1780 587 1861 potestfrequenti‚
601 1782 667 1841 iicet
679 1801 734 1840 non
750 1781 928 1862 quotidianae
941 1782 1012 1842 Coru-

93 1880 228 1918 munioni.

137 1962 208 2041 Legi
222 1963 305 2020 etiam
321 1971 442 2023 merctur
457 1965 611 2022 Decretum
626 1962 788 2022 Romanum
803 1962 1014 2042 circaquotidie·

96 2063 163 2099 num
178 2046 403 2101 communionem
418 2045 453 2102 de
470 2044 516 2103 12.
542 2044 620 2104 Febr.
648 2042 732 2104 1679.
762 2045 953 2123 approbatum
975 2065 1015 2124 per

99 2124 293 2182 innocentium
308 2124 364 2182 XI.
376 2125 451 2201 quod
466 2125 586 2183 babetur
599 2124 672 2204 apud
696 2126 830 2204 Steynert
843 2130 876 2183 r'n
892 2128 1013 2204 Append.

94 2214 163 2261 torn.
179 2205 208 2262 2.
224 2213 253 2262 ot
268 2205 343 2280 apud
360 2207 478 2264 Biiiuert
488 2207 536 2265 fol.
547 2205 617 2264 383.
645 2205 720 2265 Vide
732 2210 819 2267 etiam
832 2206 933 2265 umbus
943 2210 1014 2285 Epis·

93 2284 164 2341 tolus
180 2286 335 2344 Pastnrales
352 2286 500 2346 liumberti
527 2287 742 2366 eil’raecipiano,
758 2308 821 2366 quae
835 2286 975 2353 habentur
982 2288 1012 2347 ad

94 2366 201 2422 <uicem
216 2366 396 2444 synodorum
419 2367 677 2427 Mechliniensium.

135 2469 181 2524 iux
195 2468 237 2526 bis
252 2469 379 2526 omnibus
391 2470 467 2529 clare
483 2480 568 2548 patet,
582 2475 637 2548 qud
651 2470 821 2550 frequentior
831 2479 874 2529 ost
887 2472 1011 2531 Commu·

92 2552 149 2621 nio,
163 2553 195 2605 ed
210 2551 342 2627 majorem
358 2554 459 2630 requiri
471 2552 693 2629 dispositionem.

90 2729 108 2784 b
130 2649 207 2717 Quid
223 2653 307 2728 igitur
320 2651 355 2709 de
371 2652 566 2712 Sacerdotibus
581 2652 705 2732 quotidie
716 2653 758 2711 vei
772 2651 938 2732 frequenter
950 2655 1009 2712 cele-

110 2731 232 2789 rantibus
244 2731 255 2788 ἓ

134 2832 203 2889 VII.
228 2832 392 2911 Respondet
406 2836 554 2912 Steyaert:
577 2834 652 2914 quo'd
665 2844 775 2914 spectat
788 2834 824 2893 ed
846 2855 944 2894 eorum
964 2837 1009 2894 dis·

89 2915 269 2989 positionem,
296 2913 379 2991 plane
401 2915 615 2983 tenendnrnest,
644 2937 699 2974 non
716 2919 848 2975 minorem
863 2916 914 2975 sed
927 2921 1009 2997 potiris

91 2992 236 3067 majorem,
265 3006 293 3051 et
317 2996 492 3072 utquotidie‚
523 2996 564 3054 vei
592 2998 749 3075 frequenter
764 2995 911 3056 conficiant
934 3007 1009 3056 etsu·
1053 2998 1055 3013 '

91 3084 178 3139 ruant,
208 3076 303 3150 requiri
320 3079 468 3151 puritatem
491 3086 521 3134 et
545 3076 728 3144 devotionem,
756 3081 840 3156 quern
859 3081 888 3136 in
915 3078 1011 3152 Laicis,

93 3156 141 3231 qui
157 3166 273 3210 sumunt
293 3153 458 3214 durntexat:
480 3156 555 3214 unde
584 3157 739 3216 excusandi
767 3180 822 3217 non
838 3169 906 3218 sunt
919 3163 1009 3219 Sacer·

92 3238 184 3305 dotes,
199 3237 246 3310 qui
263 3255 350 3292 mores
364 3257 428 3295 suos
439 3238 614 3297 conformiter
623 3240 659 3297 ed
670 3239 833 3319 dignitatem
848 3261 930 3299 suern
942 3262 1011 3299 com·

89 3335 190 3392 ponere
206 3337 260 3372 non
275 3326 382 3375 curant.

133 3417 259 3475 'riacilius
273 3428 365 3475 tumen
383 3428 496 3497 possunt
509 3439 567 3478 esse
581 3423 709 3495 rationes,
724 3443 820 3501 quare,
837 3421 950 3495 Laium,
960 3426 1014 3483 etsi

91 3500 156 3556 ratis
171 3508 200 3555 et
215 3499 294 3576 aequb
310 3499 458 3579 dispositus
479 3503 615 3580 tantisper
641 3500 779 3562 abstineat
801 3505 909 3584 potius,
930 3508 1013 3584 quim

92 3579 247 3652 Sacerdos3
271 3585 333 3639 eum
349 3575 434 3659 hujus
448 3579 572 3642 officium
586 3585 623 3644 sit
636 3583 781 3644 celebrare.

699 3876 757 3896 Q
