2130 3990
339 220 381 262 nn
396 218 611 265 sucessum.
879 200 941 264 277

50 365 196 442 Quanam
210 366 237 423 in
251 363 301 423 ille
313 363 405 424 forme
418 371 483 424 sunt
495 362 675 423 essentiatur

50 445 76 503 1.
101 446 140 505 R.
156 445 319 505 Her-sota:
336 446 399 507 Hie
418 455 463 505 es!
492 447 578 504 Calin
606 445 772 521 Sanguinis
797 449 870 515 νηοῖς
898 441 955 506 rel*

47 526 225 604 puiveiontin:
240 526 304 585 Hie
318 533 361 585 eet
377 530 510 605 Sanguis
523 546 620 585 mens:
647 527 801 587 essentialis
815 547 872 586 non
900 537 945 586 est

47 607 153 666 rtioule
168 611 245 666 eninr
261 607 360 667 eodem
376 608 462 667 modo
476 628 509 665 ec
521 626 613 685 supro
637 605 700 665 Nee
727 607 811 666 etiem
830 614 944 682 oeten,

47 708 116 767 mpe
144 688 222 747 Noni
248 694 277 746 ei
304 689 423 748 AElerni
450 688 635 756 Testamenti,
658 685 712 746 &o
736 697 797 748 turn
821 692 890 767 quin
913 692 942 748 in

47 769 147 827 usibus
159 769 324 829 Graeeorurn
339 769 452 847 liturgiis
476 790 531 827 non
556 768 702 841 hahentur,
722 778 783 828 tuni
796 773 863 848 quin
884 780 942 829 inm

47 848 350 927 mpletesignifieetur,
371 851 498 928 adeoque
519 859 549 908 et
574 848 692 908 efficitur
705 852 848 909 conversio
874 851 944 909 Vini

47 928 245 1008 Sanguinem
257 932 318 989 sini
332 929 386 988 iilis
413 932 512 998 verbis,
534 933 619 1008 quim
644 932 856 1009 significeturet
881 929 942 989 effi·

47 1031 82 1070 ur
98 1014 245 1071 conversio
260 1011 343 1070 Panis
356 1012 384 1069 in
400 1011 508 1089 Corpus
524 1010 630 1070 Christi
651 1031 700 1088 per
715 1013 799 1070 hsee:
821 1011 946 1073 Hoeert

47 1111 254 1170 inpurissimum,
276 1094 337 1151 siue
351 1094 428 1150 istis:
452 1092 530 1171 qnod
537 1111 596 1170 pro
610 1092 687 1151 uobis
707 1096 849 1152 tradetur.

51 1173 129 1251 obj.
152 1174 184 1231 S.
207 1173 313 1232 Thom.
337 1173 401 1231 loeo
418 1175 505 1231 citato
518 1177 547 1231 in
565 1173 650 1248 Corn.
677 1173 754 1242 dicit,
775 1173 862 1232 verbe
879 1174 944 1233 ttts·

47 1256 95 1314 eni
110 1263 139 1312 et
148 1253 269 1313 AEterni
279 1253 463 1323 Testamenti,
476 1251 531 1312 &o
546 1274 605 1313 esse
614 1254 649 1312 de
663 1255 819 1314 substantio
831 1253 943 1314 formes:

62 1355 94 1407 o,
115 1337 170 1394 &e

47 1356 97 1477 3R.
119 1414 169 1476 Ob
183 1414 256 1475 hene
270 1416 480 1495 expressionem
494 1422 574 1494 putet
598 1414 695 1475 Gonet
705 1437 770 1477 oum
784 1415 846 1475 eliis
858 1416 944 1496 piuri-

47 1518 67 1557 ιο
83 1495 251 1565 Thamnus,
273 1496 304 1558 S.
332 1497 438 1556 Thom.
462 1517 522 1556 esse
546 1499 692 1556 contraries
712 1501 873 1568 sementim
895 1499 945 1557 sed

48 1579 143 1649 iliius,
159 1578 308 1646 lissiman,
326 1577 455 1650 Billunrt,
471 1576 642 1650 ironicum,
657 1581 689 1637 S.
702 1579 866 1655 Thomper
878 1579 944 1637 rub·

48 1657 270 1735 nntinrnsnrmae
283 1679 339 1717 non
353 1660 509 1739 intelligere
524 1663 682 1718 essentiam
686 1657 809 1738 sormoe,
825 1659 875 1720 sed
884 1661 948 1740 ejus

48 1743 213 1879 opritntem,
234 1750 267 1799 ut
293 1739 397 1799 diserte
424 1749 552 1820 petetex
567 1749 617 1799 ert.
643 1739 669 1800 l.
696 1738 823 1819 ejusdem
847 1750 944 1822 quast.

62 1904 177 1962 interim
191 1902 311 1971 observa,
336 1904 482 1982 sequentis
493 1900 542 1959 illo
556 1901 654 1960 verbu:
678 1900 761 1962 Noui
771 1913 800 1962 et
826 1904 949 1962 AEiernr'

48 1984 209 2057 heinmentr',
235 1982 288 2043 &o
311 1983 364 2041 sub
378 1985 454 2061 gravi
474 2002 535 2041 esse
562 1986 755 2061 exprimenda,
775 2004 864 2065 neque
883 1993 946 2047 snt·
981 2007 987 2017 ·

48 2085 103 2123 nem
116 2065 231 2145 praeberi
246 2085 328 2143 posse
350 2065 476 2122 (fatieem
495 2064 676 2123 odorandum.

48 2210 51 2215 ,
66 2145 188 2225 Explioe
202 2146 277 2204 illurn
292 2145 430 2205 formem:

68 2225 102 2285 ll.
126 2227 163 2285 R.
192 2226 257 2286 Hie
270 2227 307 2284 ob
321 2227 456 2284 rationem
472 2224 566 2284 detnm
588 2230 674 2306 suprsi
687 2247 743 2287 non
768 2237 860 2307 potest
872 2232 948 2288 sumi

48 2306 224 2380 irerhieliter,
243 2307 293 2365 sed
309 2327 359 2385 pro
373 2307 536 2384 pronomine
549 2307 609 2366 ln‘e.
652 2310 698 2367 De
712 2311 848 2387 partionis
860 2316 905 2369 eei
917 2318 946 2369 ei

48 2392 98 2446 inin
112 2390 369 2447 etiemdictnrnost.
389 2385 477 2447 Calin
493 2387 659 2464 Sanguinis
669 2392 792 2462 incisive
805 2394 948 2450 continens

48 2473 194 2547 inguinem
208 2490 312 2541 meum,
334 2467 410 2527 idem
438 2478 488 2540 est,
511 2471 585 2546 quod
613 2471 734 2546 Sanguis
762 2491 850 2543 meus,
877 2475 949 2533 sioni

48 2548 122 2609 linitur
136 2571 183 2609 ves
195 2570 288 2627 equus,
311 2549 429 2625 figurate
443 2549 554 2626 quidem
570 2551 718 2623 locutione,
741 2551 892 2612 sodobrii.

66 2630 160 2690 Potius
180 2632 280 2689 dicitur
306 2630 397 2689 Calin
423 2629 591 2707 Sanguinis
616 2635 684 2702 mei,
707 2652 791 2710 quam
812 2634 968 2710 Sanguis·

48 2729 108 2779 reue,
130 2718 162 2769 ut
174 2712 354 2787 significetur,
375 2711 447 2785 quud
463 2711 584 2788 Sanguis
598 2712 703 2772 Christi
718 2713 753 2770 ihi
776 2717 950 2773 continentur

49 2810 71 2849 er
82 2792 200 2851 modum
216 2793 310 2871 potire,
330 2802 360 2849 et
374 2792 446 2867 quot
462 2793 500 2849 ibi
525 2792 691 2852 exhibentur
703 2794 787 2853 Colis
804 2795 948 2874 metapho-

51 2892 94 2930 cus
112 2873 250 2930 Passionis
266 2874 430 2930 Dorninicae.
560 2867 563 2877 ⁴

62 2952 123 3011 ΙΙΙ.
146 2951 230 3011 Noui
240 2954 402 3012 etAElernz'
416 2953 610 3011 Testamenti:
627 2962 685 3011 turn
701 2957 767 3033 quin
779 2955 948 3014 sieuiVetus

49 3030 299 3093 'rotaruentumfuit
309 3035 503 3092 confirmatum
516 3035 657 3110 Sanguine
668 3036 843 3104 animalium,
852 3037 950 3096 Exodi

49 3133 76 3193 tp
99 3116 149 3174 24.
166 3116 205 3172 ito
222 3115 248 3170 N
253 3135 334 3172 oium
350 3116 494 3192 Sanguine
505 3115 623 3173 Christi:
639 3126 697 3174 turn
708 3120 792 3176 etiem
803 3119 949 3196 quissen-

49 3198 85 3253 nis
104 3194 154 3254 itte
167 3204 276 3273 spectat
288 3195 324 3253 eti
341 3195 456 3253 Novum
479 3197 696 3257 Testamentum
729 3206 860 3278 tanquam
888 3198 949 3278 ejus

49 3295 94 3334 ers.

68 3358 188 3416 Vocatur
213 3376 327 3431 nnvnnr,
355 3368 386 3415 nt
406 3365 597 3417 contrairetur
623 3361 822 3438 distinguetur:
851 3359 952 3421 dicitur

49 3446 172 3511 sernum,
193 3442 261 3515 quin
275 3458 362 3518 usque
376 3438 411 3497 ed
426 3439 510 3497 finem
539 3440 637 3500 mundi
663 3451 705 3499 est
726 3441 897 3511 duraturum,
923 3452 952 3503 et

49 3521 94 3589 trie
105 3530 148 3579 est
163 3519 198 3581 ds
214 3521 292 3578 bonis
315 3520 507 3599 spiritunribus
520 3529 548 3582 et
559 3524 677 3590 uternis,
698 3540 764 3581 cum
791 3531 869 3583 vetus
881 3533 953 3585 mr
1047 3580 1050 3585 .

52 3598 156 3663 ehonis
170 3601 365 3683 temporalibus
380 3607 497 3661 tentum.
