2130 3990
100 115 160 179 340
280 106 285 115 ’
477 129 657 175 uuucuuuue

103 277 240 338 charistia
267 276 499 335 Sacramentum:
529 277 584 334 nisi
594 272 665 334 forte
686 273 723 332 de
733 271 854 331 coneilio
868 272 971 350 proprii
983 272 1024 333 Se·

105 358 227 418 cerdotis
250 358 286 419 ob
316 358 439 437 oliquam
467 356 661 416 rationabilem
674 372 790 413 causam
812 351 849 411 ed
864 362 977 432 tempus
997 355 1025 413 ub

105 441 165 519 ejus
183 440 362 519 perceptione
376 437 490 497 duxerit
514 435 722 505 abstinendum,
744 434 874 511 alioquin
891 442 923 492 et
945 436 1025 493 rivom
1051 456 1058 469 ¹·

105 522 142 579 ab
169 523 293 599 ingressu
322 518 460 579 Ecclesiae
491 528 626 587 arceatur,
654 526 685 577 et
720 517 845 575 moriens
882 514 1023 575 christiani

103 610 199 661 careat
212 598 382 682 sepulturd.”

151 681 295 741 EtConc.
317 680 483 739 Tridsese.
511 678 557 739 13.
575 698 637 737 cen.
655 677 686 737 9.
728 678 870 757 “Siquis
884 682 1020 757 negaverit
1056 717 1059 776 l

109 783 207 822 omnes
234 773 264 821 et
285 762 407 841 singulos
422 760 528 820 Christi
542 761 641 821 fideles
654 758 797 839 utriusque
817 757 911 817 sexus
924 758 1021 821 cunct

109 863 198 903 anuos
212 842 384 902 discretionis
409 834 592 921 pervenerint,
613 841 702 900 teneri
724 838 845 919 singulis
868 840 961 907 annm,
980 842 1020 901 ru
1057 882 1059 899 .

108 916 166 985 tem
190 926 220 982 in
236 922 383 987 paschate,
404 922 441 981 nd
467 919 728 983 communicandum
748 919 841 998 juxte
866 928 1021 1001 preceptum
1056 985 1059 1007 Ι

109 1008 222 1065 Sanctae
244 1004 348 1063 Matris
362 1002 515 1075 Ecclesium
538 1001 768 1062 anathemesit.”
1056 1010 1059 1018 '

148 1086 275 1148 Quinem
288 1085 485 1143 tenenturhoc
519 1093 635 1163 raecepto
650 1080 876 1143 Ecclesiastico?
1057 1124 1059 1133 «

149 1165 189 1225 ΙΙ.
201 1166 240 1226 R.
256 1166 397 1244 Imprimis
405 1163 473 1224 dicit
528 1188 576 1225 nc.·
584 1166 791 1225 lateranense:
810 1161 923 1223 Omnis
933 1168 1022 1225 unio

112 1267 168 1326 que
177 1245 376 1321 sacriefidedu
384 1268 396 1312 ,·
418 1266 474 1325 quo
486 1247 658 1326 significetur
669 1244 743 1305 solus
754 1243 793 1305 be
813 1247 932 1315 mutus,
946 1254 1023 1327 utpote

109 1326 186 1387 solue
210 1327 347 1387 Ecclesiae
361 1326 505 1386 subditus:
525 1330 600 1387 etin
614 1328 668 1387 hoe
680 1325 775 1386 differt
788 1265 846 1385 goe
866 1337 1024 1407 praecepturi

110 1411 129 1466 d
142 1407 244 1482 divino,
259 1404 334 1488 quod
346 1426 444 1467 omnes
463 1408 578 1487 obliget,
598 1409 706 1468 scilieet
718 1406 819 1467 fideles
832 1408 994 1487 simpliciter
1004 1418 1025 1467 et

107 1488 243 1558 infideles,
258 1498 288 1548 ut
299 1499 492 1551 convertentur
504 1499 533 1547 et
545 1492 586 1561 sic
599 1490 733 1569 baptizati
746 1492 981 1557 communicent,

152 1571 243 1630 Addit
253 1569 411 1630 Concilium
424 1592 430 1629 ε
448 1570 605 1651 Postquam
618 1571 660 1629 acl
670 1589 763 1630 annue
771 1572 1026 1649 decretionem·

110 1657 239 1710 venerit:
261 1650 337 1710 unde
357 1650 480 1720 observa,
503 1651 639 1730 majorem
664 1650 765 1731 requiri
792 1651 1028 1717 discretionemed

112 1731 391 1811 communicandum,
405 1735 492 1813 quem
505 1732 543 1791 ed
554 1731 755 1801 confitendum.
790 1730 868 1791 Vide
887 1734 978 1793 Num«
987 1736 1027 1793 dd

113 1812 143 1874 et
152 1814 188 1871 de
200 1812 311 1872 Paenrr.
327 1812 416 1873 Num.
429 1814 479 1872 68.
497 1814 635 1873 Discretio
646 1823 743 1872 eutem
753 1813 781 1872 in
796 1815 896 1893 pueris
903 1814 1030 1895 explorari

112 1894 197 1954 debet
205 1915 253 1975 per
267 1893 462 1955 catechismos
475 1902 597 1973 ternpore
610 1894 828 1974 quadragesime
841 1892 1029 1955 instituendos.

154 1976 210 2034 ΙΙΙ.
233 1976 301 2034 Hoc
311 1986 452 2057 praecepto
466 1978 551 2034 etium
566 1984 696 2035 tenentur
707 1975 821 2045 infirmi,
836 1984 870 2034 ut
890 1976 1032 2056 prescribit

115 2058 259 2116 Pmtorete
287 2056 398 2115 Mechi.
427 2059 494 2137 ipsis
520 2057 670 2115 Perochis:
707 2055 836 2135 AEgrotis
863 2056 1031 2137 parochianis

112 2140 223 2199 etiamsi
250 2147 332 2196 extra
357 2142 529 2217 prescriptos
551 2138 701 2198 Pescheies
719 2138 777 2197 dies
801 2137 1031 2197 Communionen
1057 2136 1059 2177 ἶ

112 2222 286 2300 sumpserint,
314 2223 340 2276 in
359 2219 539 2278 Paschaiibue
554 2219 651 2278 diebus
677 2220 753 2278 illem
767 2218 875 2278 deferet
897 2240 931 2278 nc
945 2223 1030 2279 minir-

108 2303 201 2365 trabit.

152 2382 206 2440 IV.
219 2382 366 2439 Tenentur
380 2385 465 2441 etiam
476 2391 691 2461 peecatorenut
704 2383 810 2441 scilieet
824 2401 855 2440 ee
879 2380 1030 2461 disponent,

113 2465 194 2521 etita
209 2462 293 2540 digne
315 2465 539 2521 communicent:
561 2464 635 2521 unde
655 2474 751 2544 peccat
778 2471 876 2522 contre
903 2463 958 2522 hoc
971 2482 1029 2543 prn-

113 2552 237 2623 coptum,
263 2551 344 2621 prout
366 2548 450 2603 etiem
479 2552 575 2603 contre
599 2546 730 2615 divinum,
759 2546 808 2626 qui
833 2544 976 2604 malitiose
988 2565 1029 2623 pe·

112 2628 154 2683 nit
173 2623 406 2703 impedimentum
433 2625 494 2704 ejus
521 2625 686 2704 impletioni,
716 2648 769 2688 oon
793 2624 914 2687 volendo
939 2645 970 2685 ee
985 2626 1029 2685 dio·

105 2726 220 2784 ponere.
