2130 3990
264 204 308 249 na
327 186 596 249 morannum'sir'u
618 196 755 246 arunas.
928 186 971 250 a?

48 368 50 373 ’
74 350 204 412 Actualis
217 361 285 411 sunt
296 348 406 410 auxilia
419 348 455 409 ad
469 345 700 431 perserutandum
711 349 743 407 in
752 348 810 407 vita
819 347 967 430 spirituali,

48 440 64 493 rt
94 431 282 492 mliaiandum
291 434 320 491 in
335 431 471 491 charitato
483 430 601 510 aliisquo
613 429 769 488 uirtutibus.

74 450 158 573 lui:
173 514 349 573 Saommonti
362 512 539 571 Poenitsntiae
553 510 652 570 Gratia
665 510 817 570 habitualis
830 516 872 570 ost
880 529 965 591 repa·

48 598 134 655 aaa
168 614 219 677 por
247 592 363 654 modum
398 593 548 675 spiritualis
580 593 732 651 sanationis
764 599 794 650 at
820 596 965 653 resuscita·

48 696 125 738 murs.
1002 714 1015 735 ‚,.

72 756 208 817 statualis
221 763 286 815 snut
298 756 407 815 auxilia
419 754 456 814 ad
469 751 696 814 satisfaciendum
705 770 755 832 pro
763 754 886 833 montis
895 772 964 834 pra·

48 838 130 909 stitis,
152 838 191 898 ad
204 837 297 897 futura
309 837 432 909 vitanda,
452 844 482 895 at
493 854 678 916 quacumque
691 833 863 896 detestanda.

72 918 166 978 vill.
188 917 496 980 Extremae-Unctionis
509 915 610 976 Gratia
623 915 771 975 habitualis
784 923 827 974 ast
835 913 959 994 plectra

48 1002 171 1059 marton
184 1003 298 1058 animae.

73 1082 203 1141 Actualis
216 1089 280 1140 s'unt
302 1077 409 1137 auxilia
425 1079 463 1139 ad
475 1079 564 1139 morbi
578 1077 755 1139 incommoda
768 1076 854 1136 larius
868 1077 960 1157 poris-

48 1162 128 1236 aaa,
161 1169 191 1221 st
222 1161 259 1221 ad
291 1159 400 1219 facilius
441 1160 573 1221 damonia
605 1158 804 1220 unisonarum
833 1160 961 1221 nahtam

48 1242 108 1303 lom.

74 1322 130 1384 lx.
153 1322 328 1384 sacramenti
353 1321 468 1380 Ordinis
489 1321 638 1380 habitualis
653 1319 755 1385 Gratia
767 1328 811 1379 est
823 1321 852 1380 in
866 1320 962 1383 ordina

48 1404 243 1465 ullirnationss
257 1404 359 1463 Sacros
372 1423 410 1461 ox
420 1400 513 1461 officio
526 1410 554 1461 ot
573 1404 627 1462 riti:
640 1401 821 1481 peragendas.

69 1486 198 1545 Attualis
208 1493 274 1545 sunt
287 1486 395 1544 auxilia
408 1484 445 1542 ad
458 1482 528 1542 illud
542 1481 677 1541 officium.

69 1566 108 1627 X.
131 1568 264 1647 Deniquo
287 1567 461 1624 Sacramenti
484 1563 663 1623 Matrimonii
684 1562 785 1622 Gratia
807 1562 957 1626 habitualis

48 1656 75 1708 st
100 1652 221 1708 unitiva
253 1650 423 1713 animorum,
455 1653 483 1705 ot
517 1643 699 1722 resrcaotioa
726 1648 959 1726 concupiscentia

48 1748 127 1791 uuis.

49 1908 94 1951 rm
128 1890 307 1972 conjugalem
326 1889 497 1962 servandam,
517 1889 606 1967 proles
627 1886 958 1964 christianiaduoandas,

48 1992 143 2148 'tobiae
160 2052 248 2148 latius
266 2050 389 2110 ileduota
402 2050 529 2132 reperias,
549 2047 616 2108 (lum
630 2057 726 2128 agetur
739 2048 774 2109 do
788 2052 951 2112 Sacramen-

48 2150 68 2191 ιι
79 2152 108 2193 in
122 2153 223 2214 apsaro.

48 2352 71 2415 l.
99 2353 148 2415 2³.
178 2355 236 2415 DE
257 2355 592 2417 INAEQUAmTaTu
614 2353 787 2415 GRATIAE
808 2355 954 2416 SACRA·

359 2436 627 2499 MENTORUM.

48 2635 59 2696 ἵ.
78 2636 270 2698 Sacramenta
288 2643 386 2719 specie
409 2640 557 2699 dz'rtincta.
599 2638 630 2698 ΙΙ
653 2637 839 2719 ,Inapaalem
857 2641 953 2721 conse-

69 2726 139 2778 rant
168 2720 312 2778 Gratiam.
356 2720 413 2778 III.
436 2722 605 2799 Baptismus
627 2720 794 2798 ampliorem
819 2721 953 2780 Gratiam

70 2801 194 2877 confert.
218 2801 270 2859 IV.
287 2802 479 2861 Sacramenta
493 2821 613 2862 numero
626 2803 689 2861 solo
703 2804 844 2861 distincta
857 2822 952 2882 acquo-

68 2881 133 2940 lem.
188 2882 227 2940 V.
251 2881 327 2942 Nr'az‘
338 2884 494 2960 dispositio
507 2888 547 2943 sit
562 2882 727 2962 inaequalia.
770 2883 824 2941 Vl.
847 2883 952 2965 Diapo-

66 2967 137 3023 rr'tr'o
151 2962 281 3022 actualia
286 2964 431 3041 prevalet.

65 3186 89 3245 1.
113 3186 376 3253 Paanoannnum,
400 3189 472 3267 quod
498 3193 678 3250 Sacramenta
691 3189 835 3270 dupliciter
849 3193 953 3270 possint

48 3269 78 3327 ici
93 3266 241 3334 distincta,
263 3269 368 3327 soilioot
382 3272 441 3327 solo
456 3290 579 3337 numero,
603 3280 633 3330 ut
648 3295 673 3330 v.
685 3291 710 3349 g.
726 3278 781 3330 duo
798 3273 933 3350 Baptismi
942 3296 949 3344 ;

48 3349 64 3409 rl
79 3351 185 3430 speeie,
207 3360 238 3406 ut
251 3370 275 3407 v,
290 3371 317 3428 g.
334 3351 491 3425 Baptismus
506 3361 534 3409 et
549 3352 737 3411 Confirmatio.

61 3430 110 3488 An
126 3431 314 3489 Sacramenta
328 3436 418 3515 specio
432 3434 561 3492 distincta
576 3432 710 3515 aqualem
722 3430 867 3493 contemni
877 3432 952 3495 Gra·

48 3515 116 3569 am?

59 3590 103 3649 ΙΙ.
129 3592 169 3650 Β.
192 3593 347 3657 Conferant
367 3592 402 3651 do
422 3615 459 3665 so,
483 3616 531 3654 sou
552 3594 693 3674 supposita
714 3595 813 3675 aquali
835 3596 951 3677 disposi-

48 3692 109 3746 rne,
133 3673 266 3733 Gratiam
281 3675 470 3754 inaequalem.-

60 3752 221 3821 Rationem
247 3756 296 3816 dat
312 3757 445 3818 Bilinart:
468 3760 532 3838 quia
551 3757 635 3838 juata
649 3755 809 3820 Concilium
824 3754 950 3818 Trident.
1021 3770 1027 3853 p·
