2130 3990
118 202 178 263 280
494 214 670 260 nenorosus

156 363 180 422 l.
196 360 230 421 In
255 359 379 422 secunde
392 362 482 438 agitur
500 379 589 438 nsque
601 360 637 420 ad
651 381 678 421 v.
691 358 744 421 52.
761 360 798 420 ds
812 358 880 420 cibo
893 358 973 421 mer'e
993 365 1040 440 spi·

114 443 218 516 niuali,
242 462 346 522 nempe
372 441 429 501 fide
450 443 480 499 in
507 440 649 500 Christum
675 444 877 511 incarnatum
907 443 936 500 in
966 448 1040 502 tertia

113 533 207 584 nutem
218 534 297 604 parte
311 528 329 584 a
341 544 365 585 n.
380 524 431 582 52.
445 521 583 598 usquead
597 522 684 581 finem
698 524 797 602 capitis
809 524 907 600 agitur
918 523 956 582 de
967 543 1038 583 man·
1061 596 1063 607 Ι

113 607 264 666 ducatione
277 607 343 667 reali
357 613 385 664 et
398 603 599 663 sacramentali
626 604 723 664 Carnis
736 603 856 664 Christi.
902 605 960 665 His
974 624 1035 684 prae·

112 689 227 759 notatis,

153 765 194 827 ΙΙ.
221 768 361 827 Probatur
383 765 437 825 hoc
462 765 607 824 ultimum:
628 769 694 845 quia
722 765 852 828 Christus
873 769 1033 850 promittens

110 848 165 909 hoc
187 850 401 908 Sacramentum
431 847 501 906 dicit
526 867 554 904 v.
579 847 628 906 52.
652 846 759 914 Panis.
780 868 867 928 quem
886 869 947 928 ege
960 847 1031 921 dabo,

112 949 183 989 caro
203 950 267 989 men
281 938 326 990 est
345 948 402 1008 pro
427 929 534 986 mundi
546 931 615 994 otto,
636 928 806 1007 significans,
834 949 952 991 carnem
964 948 1031 990 suan

111 1018 179 1070 verb
205 1010 327 1070 dandam
350 1029 401 1089 per
427 1009 541 1068 modum
565 1009 630 1081 cibi,
650 1029 706 1069 non
728 1010 757 1068 in
781 1014 864 1090 signo
886 1011 1030 1071 tentrimst

107 1093 211 1169 ligura;
235 1093 301 1170 quia
313 1113 339 1150 v.
361 1089 410 1152 59.
431 1091 547 1169 opponit
560 1089 637 1149 illam
654 1090 785 1162 Marinae,
804 1112 872 1172 quas
885 1099 947 1152 erat
959 1091 1029 1170 huju

109 1175 285 1233 Sacramenti
311 1172 409 1250 figura.
437 1170 493 1228 111.
522 1171 663 1249 Designat
693 1174 789 1246 etiam,
822 1192 943 1233 carnem
962 1192 1028 1233 sunm

109 1253 228 1312 realiter
255 1253 387 1319 dandam,
409 1261 439 1310 et
461 1272 516 1310 non
541 1251 630 1311 solum
650 1250 725 1311 fide:
747 1256 813 1332 quia
825 1255 952 1335 loquitur
962 1253 1028 1314 ders

108 1332 233 1394 nondum
258 1334 341 1402 lacit,
361 1332 412 1391 sed
434 1331 548 1391 iuturri:
571 1332 752 1392 manducatio
771 1343 870 1395 antem
886 1336 1027 1416 spiritualis

107 1415 254 1496 perfidem
269 1422 299 1473 et
320 1421 388 1473 tuno
401 1421 460 1472 erat
472 1421 502 1470 et
514 1414 601 1471 etiam
614 1413 705 1472 inerat
717 1414 770 1473 snb
789 1419 875 1476 reteri
887 1416 968 1494 lege:
985 1436 1027 1476 nec

106 1497 176 1556 aliis
189 1517 215 1555 n.
229 1493 281 1555 56.
300 1493 439 1554 debuisset
452 1494 622 1572 distinguere
635 1497 708 1555 inter
721 1495 816 1556 cibum
829 1505 860 1557 et
872 1504 971 1579 potum
980 1501 1026 1578 spi·

108 1578 250 1637 ritunlem.

146 1658 198 1717 IV.
214 1657 348 1718 Similiter
360 1677 417 1717 non
441 1657 587 1734 significat,
609 1675 722 1716 carnem
735 1678 814 1717 snam
830 1656 957 1719 dandam
976 1658 1026 1719 soll

106 1742 209 1798 virtute
233 1749 261 1799 et
277 1739 397 1816 mergit,
416 1738 467 1797 sed
480 1736 717 1809 substantialiter,
739 1747 770 1798 nt
781 1740 927 1818 colligitur
938 1759 975 1799 ex
988 1760 1024 1811 eo,
1044 1782 1051 1799 .

108 1820 185 1901 qudd
198 1821 234 1879 ob
248 1820 296 1879 illa
308 1820 392 1878 verba
404 1820 424 1878 J
428 1818 500 1878 odaei
527 1819 669 1895 litigantes
683 1818 810 1879 dicerent
824 1840 849 1878 v.
863 1820 932 1893 ⁶3.;
956 1820 1025 1888 Quo·
1061 1866 1064 1873 .

108 1904 192 1960 modo
213 1910 312 1980 potest
324 1901 372 1959 lic
392 1900 477 1960 nodis
490 1918 606 1958 curnem
619 1917 704 1958 suam
718 1902 789 1960 dare
802 1903 845 1961 ad
854 1903 1024 1962 mantuens-
1061 1946 1064 1975 Ξ

108 1981 197 2041 dum?
206 1979 608 2060 qrribusdixitchristnsv.54.
631 1978 955 2042 Nisimanducaneritis
966 2002 1024 2042 cnr·
1062 1984 1064 2009 ⁵

106 2083 173 2122 nem
186 2063 241 2131 filii
253 2063 387 2128 hominis,
409 2067 459 2137 dc.
476 2063 516 2120 Et
527 2062 594 2120 inde
606 2065 694 2140 magis
702 2063 884 2122 scandalizati
899 2064 1022 2124 dixerunt

107 2143 300 2203 v.6i.Durus
306 2144 401 2203 esitio
407 2163 512 2216 sermo,
522 2139 578 2200 &a
589 2162 673 2219 quem
680 2152 775 2202 tamen
781 2143 875 2205 adhuc
883 2145 1020 2205 confirma·

105 2225 156 2284 bat
165 2245 188 2283 v.
205 2224 399 2303 eusampio
414 2225 513 2283 futura
527 2226 569 2282 sni
582 2224 712 2303 Corporis
724 2223 913 2294 Ascensionis,
927 2226 1020 2286 stdum
1061 2282 1062 2296 ,

105 2326 131 2362 v.
147 2305 195 2366 67.
225 2304 321 2365 Multi
342 2303 563 2383 Dr'scipnulorum
584 2305 649 2384 qua
676 2304 912 2379 adieruntretrd,
930 2306 1020 2367 intelli·
1053 2308 1065 2358 l

104 2389 227 2464 gentiam
241 2405 337 2444 eornm
352 2407 406 2444 non
429 2389 556 2451 correxit,
579 2385 654 2464 quod
669 2388 739 2447 aliis
753 2407 800 2466 pro
813 2407 893 2447 more
906 2406 958 2446 suo
969 2407 1019 2467 poe

102 2467 193 2526 tulare
215 2466 359 2525 videbatur
376 2467 486 2524 infinite
499 2467 597 2545 optimi
623 2467 749 2544 Magistri
763 2466 882 2540 bonitas,
902 2471 926 2527 si
948 2467 1019 2526 verbs

101 2547 154 2607 illa
167 2548 203 2607 de
216 2547 275 2606 solo
296 2546 437 2626 spirituali
450 2547 667 2607 manducatione
678 2549 880 2621 intellexisset;
904 2549 1017 2629 quinimo
1054 2609 1057 2622 ‚

103 2629 256 2708 Apostolos
280 2648 346 2687 suos
368 2629 557 2706 interrogavit,
577 2649 643 2687 num
667 2632 752 2688 etiarn
765 2628 867 2689 uellent
881 2628 966 2696 abire,
988 2650 1017 2689 ne
1041 2648 1064 2713 p

104 2710 260 2790 quidquam
273 2707 308 2767 de
321 2710 443 2768 veritatis
456 2712 543 2786 rigore
557 2712 719 2768 remitteret
1041 2716 1064 2795 lg

145 2791 214 2870 Obj.
243 2788 307 2870 Ipse
335 2789 463 2849 Christus
489 2791 702 2869 promissionem
730 2812 808 2850 sunm
836 2791 964 2871 explicat
989 2789 1016 2849 dr
1041 2804 1045 2811 '

102 2872 242 2951 spirituali
268 2871 493 2943 manducatione,
521 2870 616 2929 dicens
642 2891 668 2929 v.
691 2871 740 2929 64.
766 2871 793 2929 S
815 2875 899 2933 'ritus
921 2877 1017 2952 estqui

104 2956 231 3032 oiufficat
243 2977 253 3010 :
275 2971 344 3011 caro
358 2971 416 3011 non
428 2954 547 3031 prodest
564 2953 741 3031 quidquam:
766 2892 868 3025 rdine,
892 2974 958 3033 quoe
970 2973 1016 3031 egr
1052 3020 1056 3023 ,

103 3036 219 3095 Incertus
230 3054 295 3092 sum
310 3032 396 3100 nobis
416 3035 540 3110 spiritus
550 3039 579 3090 et
591 3037 654 3092 ncta
666 3042 744 3094 sunt.
1064 3106 1065 3110 Ἰ

145 3118 179 3176 R.
199 3116 226 3174 N
230 3135 266 3173 on
280 3116 393 3192 corrigit
416 3115 545 3172 Christus
558 3113 772 3192 intelligentiam
785 3135 885 3174 eornm
910 3115 946 3175 de
960 3115 1016 3174 reali

101 3198 161 3276 ejus
188 3197 334 3274 prasentia
357 3200 385 3252 in
414 3195 603 3266 Eucharistia,
622 3194 674 3254 sed
691 3197 867 3256 solummodo
887 3196 1016 3256 carnalem
1045 3187 1065 3248 Ι

101 3275 272 3354 intelligendi
287 3274 413 3347 modum,
423 3278 511 3355 juxta
523 3275 592 3334 illud
606 3275 638 3334 S.
655 3275 808 3356 Augustini
822 3279 920 3336 Tract.
934 3277 982 3338 27.
995 3279 1016 3335 in
1046 3257 1065 3416 Ι

100 3363 263 3418 loannem:
285 3361 304 3392 “
320 3358 386 3416 Non
411 3357 522 3434 prodest
548 3356 699 3435 quidquam
720 3380 801 3431 caro;
823 3358 872 3417 sed
888 3358 1017 3437 quomodo

99 3441 142 3500 illi
154 3437 374 3499 intellexerunt?
397 3438 519 3497 Carnem
534 3438 641 3517 quippe
655 3440 864 3508 intellexerunt,
888 3440 1017 3511 ounnrndo
1053 3482 1064 3515 ,

101 3523 131 3581 in
160 3518 293 3579 cadavere
317 3518 478 3590 dilaniatur,
499 3520 597 3581 autin
626 3521 744 3582 macello
758 3520 911 3582 venditur.''
954 3519 1019 3580 Vidn

95 3601 180 3667 letius
192 3598 346 3663 Authores.
