2130 3990
350 163 393 205 nu
414 161 634 208 uncuenrsrre.
923 143 984 207 821·

48 298 193 385 quantum
206 311 248 367 est
262 305 299 367 de
310 327 352 381 se,
372 307 477 368 habeat
501 309 630 369 virtutem
653 309 874 388 praeservativum
888 308 907 366 ὲ
919 326 986 386 pee-

48 399 124 458 ceto,
147 408 203 448 non
214 397 310 448 tamen
325 389 415 449 aufert
428 389 537 449 homiui
550 389 762 470 possibilitatem
775 387 943 469 peccandi.'’

92 469 169 529 Vll.
190 470 296 528 Sextus
310 470 493 529 Eucharistiae
502 469 629 539 effectus,
651 471 686 530 de
699 491 755 550 quo
769 472 801 530 S.
816 469 923 529 Thom.
937 468 986 529 hle

50 559 104 613 art.
120 549 153 610 2.
165 558 209 610 est
222 549 333 630 adeptio
346 551 451 629 glories,
460 551 520 609 uui
532 572 598 610 eum
612 553 815 612 resurreetione
827 558 857 611 et
868 552 984 611 immor·

51 633 161 692 talitate
184 635 320 711 eorporis:
341 631 408 691 hine
434 632 503 691 dicit
517 632 647 692 Christus
660 633 746 693 Joau.
761 652 822 711 cup.
850 630 879 690 6.
893 652 921 691 v.
934 632 984 691 55.

54 712 122 780 Qua·
130 712 286 773 manducat
295 729 388 772 meam
405 712 539 785 Carnem,
550 724 578 773 et
592 713 665 774 bibit
678 731 773 772 meum
784 713 983 790 Sanguinem,

54 793 138 854 taber
151 797 243 854 artam
256 801 402 865 arenam,
410 799 439 853 et
449 814 507 872 ego
520 794 700 856 resuscitabo
708 814 773 853 eam
784 798 817 855 in
831 797 985 854 nouissimo

54 879 106 935 rte.
152 875 193 934 Et
203 874 329 935 similiter
342 895 367 933 v.
388 877 437 936 59.

55 1026 58 1033 ¹
90 955 234 1035 Imprimis
248 964 347 1016 causat
359 955 535 1037 adeptionem
548 955 663 1031 Gloriae,
671 973 730 1015 non
741 960 851 1016 tautum
864 957 933 1036 quia
941 964 984 1016 est

53 1056 139 1097 eausa
151 1039 256 1116 gratie,
278 1057 340 1117 quae
353 1043 395 1096 est
419 1056 515 1096 semen
532 1037 660 1109 Gloriae;
682 1036 734 1097 sed
747 1037 900 1117 specialiter
925 1056 984 1116 pree

51 1117 113 1177 aliis
124 1121 326 1188 sacramentis,
346 1124 483 1197 quatenus
498 1119 625 1178 Christus
640 1118 748 1178 Gloriae
767 1119 882 1196 largitor
895 1120 983 1179 cunti·

48 1209 135 1259 netur
144 1203 175 1258 in
188 1197 243 1257 hoe
252 1199 435 1260 sacramento
443 1208 477 1258 ut
487 1201 568 1260 uibus
579 1200 704 1259 nutriens
712 1209 741 1260 et
753 1199 912 1260 confortans
922 1203 983 1260 eni·

48 1298 129 1340 mam
143 1283 173 1339 iu
186 1282 246 1338 vita
266 1300 280 1338 s
301 1281 414 1354 irituali,
434 1281 491 1360 quei
517 1282 603 1362 possit
616 1288 802 1359 'perseverare
830 1300 920 1360 usque
947 1280 985 1339 ed

48 1367 174 1442 tempus,
196 1380 253 1438 quo
299 1361 371 1421 lorie
390 1361 518 1421 dabitur:
539 1360 749 1422 audericum.
779 1361 907 1423 Trident.
925 1382 983 1422 sess

49 1439 102 1502 13.
118 1441 226 1512 dicitur,
244 1440 368 1520 Pignus
370 1443 483 1522 futare
490 1442 601 1520 glorrie.

91 1523 182 1583 vlu.
203 1521 390 1583 Eucharistiae
403 1527 489 1583 etiam
503 1525 631 1584 tribuitur
654 1525 775 1604 eorporis
790 1527 876 1584 nostri
894 1541 983 1584 resur-

48 1605 156 1674 metim
178 1624 233 1662 non
247 1606 325 1683 quasi
339 1624 453 1684 corpora
464 1625 572 1676 eorum,
595 1607 644 1684 qui
665 1626 720 1665 uon
735 1608 983 1678 communicarunt,

48 1706 107 1745 unu
121 1688 177 1745 sint
189 1694 390 1758 resurrectura;
411 1686 462 1745 sed
485 1689 553 1765 quia
567 1705 686 1764 corpora
696 1685 823 1745 fidelium
842 1686 984 1765 justorum

48 1768 163 1826 ratione
176 1767 255 1824 realis
269 1767 475 1846 conjunctionis
496 1767 654 1826 eorumdem
669 1786 734 1825 enm
758 1766 871 1826 Christo
885 1769 913 1825 in
928 1765 984 1825 huc

48 1848 237 1907 Sacramenta
250 1858 393 1925 resurgent
405 1849 520 1928 speciali
534 1848 614 1906 titulo
627 1869 634 1905 :
656 1848 732 1907 unde
745 1857 774 1905 et
786 1867 824 1905 ex
836 1849 891 1907 hac
904 1857 983 1926 parte

48 1929 203 2009 specialem
217 1927 361 1987 habebunt
382 1931 630 1988 immortalitatem.
682 1927 757 1988 Vide
771 1928 983 2009 Interpretes-in

49 2030 86 2068 ea
110 2055 118 2070 .
142 2012 169 2069 6.
190 2009 318 2069 loannis.

86 2030 158 2150 illia
172 2089 302 2170 quaedem
316 2094 388 2149 iuter
401 2090 517 2150 effeetus
534 2092 721 2149 Eucharistiae
735 2090 905 2169 quandoque
916 2111 981 2150 euu-

49 2181 204 2246 meruntur‚
223 2172 274 2230 sed
286 2191 347 2248 quae
362 2170 445 2231 facile
459 2173 629 2232 reducuntur
641 2172 677 2231 ad
687 2172 748 2251 jam
763 2173 861 2232 diates.
953 2198 956 2204 ·

52 2354 982 2428 manumissorumeucrranrsrmcouruasr

270 2456 448 2520 esurus
469 2454 793 2541 auerruuuurrr
915 2452 918 2457 ·

55 2641 80 2700 Ι.
100 2641 292 2702 Eucharistia
300 2643 503 2718 deigratiam,
519 2640 561 2699 Il.
578 2640 657 2700 Dum
671 2643 808 2700 sumitur.
824 2641 883 2702 111.
898 2641 982 2702 Cres·

93 2730 179 2781 cente
200 2723 399 2801 dispositione,
420 2721 476 2782 IV.
513 2721 713 2782 Probabiliter
738 2728 844 2783 erescit
868 2726 981 2800 gratr‘a,

91 2807 471 2944 iiiacnlic‘iiinimpmmm'
499 2803 538 2861 V.
563 2804 651 2870 Quod
657 2802 769 2881 pupulo
782 2804 981 2882 exponendam

93 3065 119 3124 l.
142 3067 294 3125 lmrnrmrs
308 3075 413 3124 eertum
426 3074 480 3138 est,
507 3065 581 3145 quud
597 3064 776 3126 Eucharistie
789 3066 981 3126 nou-aauferat

54 3157 236 3226 augmentum
264 3149 359 3225 gratiae
390 3147 480 3216 (idem
504 3154 545 3205 est
568 3145 603 3204 de
625 3147 714 3223 grellia
736 3151 834 3226 prima,
855 3168 917 3226 quae
931 3168 985 3228 per·

55 3228 186 3288 accidens
202 3229 354 3305 confertur)
369 3231 422 3286 nisi
447 3230 511 3287 veri
527 3237 554 3287 et
568 3227 676 3287 realiter
689 3237 823 3295 sumatur,
838 3249 887 3286 seu
902 3249 980 3287 mau-

54 3308 173 3369 ducetur
185 3310 228 3367 vel
237 3308 349 3367 bibatur
362 3331 369 3378 ;
392 3312 530 3387 promissa
551 3311 625 3367 enim
639 3318 681 3367 est
694 3312 748 3368 ista
760 3312 851 3389 gratia
860 3313 927 3370 reali
952 3319 982 3370 et

52 3391 256 3451 sacramentali
270 3390 480 3449 manducetioui
490 3392 578 3449 Joau.
593 3410 657 3469 cap.
670 3387 699 3447 6.

95 3471 150 3532 Sed
166 3473 283 3551 quaeetio
296 3480 347 3546 est,
369 3490 424 3549 quo
437 3474 550 3532 instanti
564 3471 720 3532 conferatur
732 3473 822 3548 gratie
835 3470 847 3528 t
