2130 3990
108 169 167 234 lot
486 185 671 233 muruc-

104 335 170 395 eliic
179 330 353 395 inferioribus
368 328 486 391 Clericis
498 340 529 392 et
541 333 644 401 Loicie,
670 327 742 412 quoii
756 330 845 412 possit
857 328 979 411 delegari
994 333 1025 394 erl

104 414 306 497 baptizandum
317 412 493 485 solenniten
508 413 565 474 boo
576 422 673 474 temen
687 411 773 475 hodie
786 414 833 475 vix
844 414 983 475 usuvenit
994 415 1025 475 ob

104 500 215 577 copiam
229 494 422 555 smerdotnn.

143 579 284 649 Quanam
296 595 361 655 ergo
373 583 415 633 eet
427 573 585 635 differentis
602 577 673 637 inter
686 573 872 635 Sacerdotem
885 581 916 647 et
930 576 1024 637 Dleco·

104 678 183 727 uum,
204 660 228 718 si
241 666 358 736 uterque
371 652 493 733 indigent
506 656 642 716 licentii?
1063 677 1065 684 ’

146 740 205 801 lll.
228 740 265 797 R.
287 736 371 809 Quod
395 737 540 797 Sacerdoti
562 737 765 797 administratio
790 735 929 817 Baptimi
948 740 1026 819 potiit

104 821 242 880 committi
265 819 372 899 ubsque
394 836 572 899 quecumque
584 821 765 889 necessitete;
786 820 894 898 quieti
909 816 1024 881 Ordirn

103 903 187 960 tionis
196 920 254 960 sure
265 899 521 978 bebetpoteetntem
532 897 884 980 ordineriembeptizeurlir
898 900 1024 961 Diecouo
1061 925 1065 982 g

102 989 211 1055 eutem,
231 986 296 1041 crim
310 980 390 1040 illem
404 988 569 1059 potestatem
579 1001 634 1040 non
648 983 789 1061 occeperit
805 982 860 1041 uisi
872 980 1024 1041 nunniti-

102 1064 223 1136 noriem,
252 1060 457 1121 administratio
483 1064 621 1121 committi
641 1082 696 1120 uon
717 1063 813 1141 pocot.
842 1062 897 1121 nisi
916 1072 1025 1140 urgente

101 1144 282 1216 uecessitete;
297 1143 360 1202 hece
370 1148 464 1201 temen
474 1162 528 1201 non
543 1142 628 1201 debet
640 1162 700 1201 esse
712 1151 854 1216 extremo,
866 1142 917 1203 sed
926 1140 1026 1205 uolut

101 1224 279 1284 monebilie.
448 1238 451 1243 '
729 1250 742 1274 ο

142 1303 201 1365 IV.
225 1304 267 1360 4⁰·
292 1303 421 1363 Minister
438 1295 614 1367 necessitatis
637 1313 679 1363 eet
699 1303 816 1383 quilibet
835 1302 925 1363 homo
946 1302 1026 1367 rlelor

100 1393 184 1445 utens
211 1388 327 1458 tutione,
357 1383 557 1465 cujuscumque
585 1385 674 1444 sextis
702 1385 744 1445 vel
774 1383 949 1463 Religionir3
978 1386 1025 1447 eerl

102 1466 183 1527 Iroici
205 1477 237 1527 et
261 1466 364 1526 Clerici
379 1467 509 1525 Discono
522 1464 676 1540 inferiores,
696 1486 752 1527 non
766 1473 882 1546 possum
893 1465 1025 1529 adhibere

100 1548 301 1617 solemnitates,
323 1568 350 1606 v.
362 1567 391 1626 g.
412 1545 572 1606 adhibendo
586 1549 733 1625 petrinum,
756 1566 861 1606 nomen
882 1549 1024 1627 impones,-

101 1629 148 1703 do,
169 1629 224 1689 &c
246 1627 320 1709 quod
333 1638 363 1687 et
384 1628 420 1687 de
436 1629 565 1687 Discono
577 1627 639 1687 rint
654 1628 710 1688 ulle
721 1629 923 1688 commissione
938 1628 1024 1709 bspti-

100 1720 185 1770 zonte
211 1710 292 1788 (licbt
304 1713 332 1769 in
347 1722 475 1768 extremo
486 1710 666 1784 necessitate)
693 1709 864 1790 probabilius
876 1708 1023 1771 dicendum

99 1801 223 1871 epperct.

102 1994 143 2053 N.
160 1995 206 2055 13.
225 1994 283 2053 DE
305 1993 475 2053 ORDINE
498 1992 812 2055 MINISTRORUM
832 1992 1019 2055 Hucussr-
1058 1999 1065 2058 t

120 2074 595 2146 TAT18‚uTPRAESERT1M
612 2076 667 2134 DE
678 2074 1018 2140 OBSTETRICIBUS.

100 2261 124 2319 1.
158 2258 240 2318 Ordo
258 2261 335 2319 inter
363 2257 516 2318 tricenos
537 2263 724 2319 necessitatis
741 2264 840 2338 potest
866 2257 913 2319 cli
932 2259 1018 2319 uoudt
1060 2321 1065 2324 ,

139 2343 254 2400 incerti·
287 2341 328 2400 11.
356 2340 417 2399 Sed
439 2359 497 2399 non
511 2341 674 2419 sr‘nejueta
688 2359 786 2399 cauea.
819 2339 878 2399 111.
936 2338 1017 2399 idelee

139 2423 308 2481 instruendi
319 2423 399 2481 circa
414 2418 604 2480 Collait'onem
620 2421 771 2500 Bapttbmi.
793 2420 847 2479 IV.
859 2422 1016 2481 Praecrtt'ot

137 2502 316 2562 obstetrices.
340 2503 378 2563 V.
398 2503 488 2562 Circa
502 2505 595 2561 ucrr'u.
1046 2502 1049 2507 '

147 2688 296 2759 Quemvis
319 2685 438 2766 quilibet
458 2687 488 2744 in
510 2685 674 2746 necessitate
701 2684 847 2765 baptizare
872 2684 971 2763 possit,
988 2686 1019 2763 ¹ri
1060 2725 1062 2728 -

95 2776 190 2827 temen
214 2768 307 2849 plures
327 2767 429 2837 adsint,
449 2765 599 2826 serrandus
613 2766 733 2826 cetordo
749 2766 899 2843 dignitatis,
920 2764 957 2823 de
970 2784 1017 2845 qno
1048 2774 1058 2817 'r

98 2849 211 2910 Rituole
222 2850 383 2909 Romanum
392 2850 436 2909 his
450 2847 552 2908 verbis:
569 2847 632 2906 “Si
642 2846 716 2906 adsit
729 2845 878 2918 Sacerdos,
894 2846 1018 2905 Diacono

95 2929 265 3007 proferetur,
297 2929 423 2990 Clericus
456 2929 555 3003 heico,
586 2936 616 2986 et
637 2929 678 2987 vir
696 2928 816 2996 femine,
837 2928 891 2986 nisi
912 2925 1019 3007 pudor'u
1050 2992 1053 2999 ,

94 3013 183 3089 grstiri
196 3011 295 3070 docnt
307 3010 440 3070 feminum
456 3012 549 3090 potiris
569 3011 655 3086 quen
669 3010 757 3067 virum
783 3007 920 3086 (intellige
937 3009 1019 3067 otiou

96 3091 277 3152 Seoerdotem
291 3099 322 3149 et
338 3089 509 3168 Perochum)
532 3090 677 3168 baptisare
690 3088 827 3148 infantem
840 3109 897 3149 non
910 3089 1019 3148 omnino

94 3172 211 3247 editum,
231 3171 273 3231 vel
293 3173 348 3230 nisi
368 3171 475 3231 lemine
495 3170 594 3230 melitis
615 3172 699 3231 sciret
715 3169 831 3231 formem
855 3179 884 3229 et
904 3169 1019 3229 modum

95 3253 133 3311 bo
152 3253 286 3314 mendi?
1059 3260 1063 3267 '

133 3273 277 3395 l'oeterior
297 3334 429 3414 exceptio
451 3352 528 3412 eoepe
550 3333 644 3393 locum
665 3330 750 3392 hebet
770 3334 798 3390 in
820 3329 1018 3400 obstetricibus,

94 3433 155 3490 quae
168 3416 269 3475 moliris
290 3418 366 3476 circo
385 3414 501 3475 modum
515 3413 680 3494 baptizandi
695 3416 836 3472 instructo
849 3430 911 3471 esee
924 3410 1021 3484 solent,

91 3498 178 3574 quiem
186 3495 236 3555 elii
250 3496 339 3557 [reici.

134 3577 168 3635 ln
181 3579 263 3655 priori
275 3588 371 3637 autem
385 3576 557 3657 exceptionis
570 3595 634 3636 cusu
647 3576 752 3649 Pastor,
773 3575 796 3633 ei
809 3573 891 3645 adsit,
907 3582 1021 3635 meueet

91 3656 196 3717 alicubi
217 3678 349 3737 praeseue,
368 3659 418 3721 ubi
439 3658 583 3722 advertere
596 3663 696 3740 potest,
716 3677 752 3717 on
775 3655 866 3719 forme
888 3675 946 3717 non
961 3674 1019 3715 cnr-

86 3746 242 3822 rumpetur.

632 3936 710 3970 [¹⁸⁵³.
