2130 3990
190 166 663 222 nemorumnemorum.
835 153 877 230 67Ι

47 390 95 453 ‚a
110 389 169 457 nu
190 393 486 457 uurruruona
506 358 803 487 sncnnuuumss
893 476 897 486 ‚

267 557 299 617 S.
317 556 414 620 Hom.
430 566 525 640 quast.
539 557 588 619 60.
735 539 739 549 “

47 726 198 786 mntem
212 721 244 779 in
254 737 371 797 genere.
414 718 454 778 ΙΙ.
479 718 592 781 Veteris
606 720 710 800 Logia
753 722 811 783 111.
826 723 870 784 Et

47 799 188 878 enge.
230 801 284 860 IV.
311 800 530 862 Sacramentum
543 810 588 864 eet
598 804 629 862 iu
649 820 757 882 genere
769 809 866 883 er'gnt.

47 879 185 961 tcepcctu
198 885 288 942 trium
301 900 407 942 rerum.

50 1058 190 1104 notione
203 1040 338 1105 definitur
350 1043 567 1106 Sacramentum
581 1045 593 1106 i

47 1132 246 1185 tacmmemum
266 1125 378 1206 proprie
390 1135 542 1206 sumptum,
564 1134 593 1188 ct
605 1135 690 1208 prout
702 1126 870 1268 com-Flectii

47 1206 179 1278 caeteris,
199 1213 257 1265 tum
273 1225 349 1267 nove
364 1207 448 1287 legis
468 1209 659 1282 Sacramenta,
678 1209 741 1269 aa.
787 1210 867 1271 hom.

47 1305 84 1347 rr:
100 1293 119 1319 “
133 1287 251 1365 Signum
265 1289 305 1347 rei
319 1287 422 1363 Sacra,
435 1291 465 1348 in
479 1297 617 1368 quantum
631 1295 676 1349 est
686 1289 865 1352 sanctificans

47 1365 95 1441 a,'’
115 1365 146 1427 id
174 1375 227 1441 est,
247 1372 405 1435 ceremonia
430 1389 517 1440 sacra,
539 1378 658 1429 externa
680 1368 811 1432 divinitis
824 1376 867 1433 iu·

51 1447 92 1509 ad
117 1446 263 1509 hominum
290 1449 545 1521 sanctificationem,
567 1458 597 1512 et
621 1450 866 1530 frequentandae.

51 1529 117 1593 Dei.

48 1608 252 1671 Sacramentum
272 1620 369 1673 autem
389 1612 489 1673 veteris
512 1610 598 1691 tegis
619 1611 735 1673 definire
755 1615 865 1693 poteris

48 1692 191 1753 ietinitiooi
205 1691 337 1752 addendo
349 1713 356 1750 ι
378 1702 399 1726 “
412 1701 546 1770 tanquam
559 1690 789 1773 prefiguratirum
802 1714 864 1776 gra·

55 1772 198 1833 Christum
210 1773 342 1843 ‚dandaess'

48 1853 125 1914 nodo
139 1853 271 1914 definitur
284 1855 498 1915 Sacramentum
510 1872 589 1914 nova
600 1854 708 1934 Iegis?

48 1934 80 1995 R.
91 1934 242 1994 Invisibilis
252 1937 466 2014 gratiasignum
480 1935 587 1996 visibile
596 1935 634 1994 ad
643 1943 765 1997 nostram
779 1957 861 2001 eauc-

49 2034 116 2075 uem
129 2014 260 2076 divinitus
276 2018 442 2077 institutum.
467 2017 521 2076 Per
541 2015 647 2076 visibile
660 2018 784 2096 intellige
795 2037 862 2079 aere·

51 2096 108 2157 hoc
122 2106 172 2166 est,
194 2098 289 2177 aliquo
302 2118 385 2157 sensu
407 2097 603 2177 perceptibile;
626 2100 682 2157 sive
695 2098 862 2159 immediate

47 2198 82 2238 oe
91 2178 146 2245 sui,
164 2177 209 2255 (ut
216 2198 292 2257 aqua
301 2179 442 2238 etahlutio
452 2181 480 2237 in
491 2180 661 2258 Baptismo),
672 2182 728 2240 sive
739 2179 862 2240 mediate
886 2244 890 2249 ,

48 2258 114 2329 liud,
123 2268 156 2317 ut
165 2261 294 2318 contritio
305 2279 353 2338 per
360 2269 506 2320 externam
516 2257 782 2334 manifestationem,
792 2260 860 2324 Cor·

48 2340 112 2400 risti
121 2360 172 2420 per
184 2342 290 2418 species
304 2349 488 2401 consecratas.
874 2397 877 2406 ,

55 2440 135 2489 sensu
151 2421 219 2481 dicit
232 2422 262 2479 S.
277 2421 335 2479 Th.
350 2430 402 2480 art.
418 2420 443 2480 l.
459 2420 537 2500 quod
553 2420 765 2483 Sacramentum
779 2425 816 2482 sit
829 2425 858 2482 in

48 2502 128 2579 signi,
149 2510 177 2562 et
190 2522 246 2561 non
258 2503 285 2559 in
301 2521 399 2578 genere
413 2500 533 2561 causae?

48 2582 118 2645 Quia
131 2601 175 2642 res
189 2583 285 2662 aliqua
299 2584 507 2642 Sacramentum
523 2591 575 2649 est,
597 2585 735 2662 quatenns
749 2586 860 2661 signum

48 2686 60 2723 a
84 2665 224 2744 quatenus
247 2671 397 2738 causaest,
420 2684 469 2723 seu
488 2663 564 2745 quiid
577 2665 725 2742 significet,
747 2663 815 2723 iacit
828 2674 861 2722 ut

48 2754 217 2810 ramentum,
239 2766 294 2804 uon
319 2743 395 2824 quod
418 2744 526 2824 aliquid
548 2754 663 2804 causet:
685 2755 716 2803 ut
729 2751 807 2823 patet
820 2764 859 2803 ex

48 2828 119 2887 entis
132 2829 228 2888 veteris
243 2826 337 2903 Legis,
358 2845 420 2903 qua
433 2828 552 2904 gratiam
565 2826 794 2899 concensemus,
809 2824 859 2883 sed

48 2907 135 2967 ebant.

49 3008 114 3053 uam
129 2995 172 3048 est
191 2988 241 3049 illa
252 3009 294 3049 res
308 3009 396 3059 sacra,
419 2988 499 3067 cujus
512 2990 622 3068 siguum
636 2993 679 3047 est
692 2987 860 3046 Sacramen-

49 3196 60 3209 ..
76 3151 108 3210 S.
124 3150 263 3211 Thomas.
279 3159 330 3211 art.
344 3151 374 3220 3,
396 3150 472 3228 quad
484 3152 699 3211 Sacramentum
710 3151 762 3207 tria
773 3150 858 3226 signi-

49 3234 191 3292 'assionem
215 3232 321 3293 scilicet
346 3233 461 3306 Christi,
484 3232 613 3291 Gratiam
627 3230 859 3301 sanctificantem,

49 3333 100 3373 am
116 3322 258 3374 aeternam.

49 3415 72 3453 [e
94 3396 276 3455 Sacramenta
296 3415 373 3454 nova
389 3395 471 3471 Legis
486 3402 551 3453 sunt
564 3398 643 3471 signa
658 3411 860 3452 commemora·

49 3477 156 3535 usionis
180 3477 294 3547 Christi,
316 3476 536 3535 demonstrativa
561 3476 676 3544 Gratia,
700 3473 756 3553 qua
777 3473 861 3532 homo

49 3577 84 3617 er
110 3560 307 3630 sanctificatur,
335 3565 363 3616 et
386 3559 562 3636 prognostica
577 3554 701 3627 Gloriae3
729 3555 758 3612 in
773 3573 861 3632 quan·

51 3657 83 3698 m
108 3639 291 3698 Sacramenta
314 3637 474 3698 ordinantur
501 3636 538 3696 ad
564 3634 773 3714 significandam
798 3650 860 3690 nos·

49 3719 292 3795 testificationem,
321 3722 375 3782 tria
401 3727 519 3859 {essunt
545 3715 729 3780 considerari:
757 3713 864 3775 scilicet

364 3817 385 3860 r
