<?xml version="1.0" encoding="UTF-8"?>
<!DOCTYPE html PUBLIC "-//W3C//DTD XHTML 1.0 Transitional//EN"
    "http://www.w3.org/TR/xhtml1/DTD/xhtml1-transitional.dtd">
<html xmlns="http://www.w3.org/1999/xhtml" xml:lang="en" lang="en">
 <head>
  <title>
</title>
<meta http-equiv="Content-Type" content="text/html;charset=utf-8" />
  <meta name='ocr-system' content='tesseract 3.04.00' />
  <meta name='ocr-capabilities' content='ocr_page ocr_carea ocr_par ocr_line ocrx_word'/>
</head>
<body>
  <div class='ocr_page' id='page_1' title='image "./theologiamorali02densgoog_0333.png"; bbox 0 0 2130 3990; ppageno 0'>
   <div class='ocr_carea' id='block_1_1' title="bbox 62 158 634 220">
    <p class='ocr_par' dir='ltr' id='par_1_1' title="bbox 62 158 634 220">
     <span class='ocr_line' id='line_1_1' title="bbox 62 158 634 220; baseline -0.009 0"><span class='ocrx_word' id='word_1_1' title='bbox 62 158 125 220; x_wconf 78' lang='lat' dir='ltr'><strong>mo</strong></span> <span class='ocrx_word' id='word_1_2' title='bbox 457 171 634 217; x_wconf 69' lang='lat' dir='ltr'><strong>numeros</strong></span> 
     </span>
    </p>
   </div>
   <div class='ocr_carea' id='block_1_2' title="bbox 63 314 993 3151">
    <p class='ocr_par' dir='ltr' id='par_1_2' title="bbox 63 314 993 398">
     <span class='ocr_line' id='line_1_2' title="bbox 63 314 993 398; baseline -0.006 -15"><span class='ocrx_word' id='word_1_3' title='bbox 63 321 213 392; x_wconf 81' lang='lat' dir='ltr'><strong>docontes,</strong></span> <span class='ocrx_word' id='word_1_4' title='bbox 228 316 305 397; x_wconf 80' lang='lat' dir='ltr'><strong>qnod</strong></span> <span class='ocrx_word' id='word_1_5' title='bbox 319 317 429 398; x_wconf 86' lang='lat' dir='ltr'><strong>Corpus</strong></span> <span class='ocrx_word' id='word_1_6' title='bbox 442 316 549 377; x_wconf 78' lang='lat' dir='ltr'><strong>Christi</strong></span> <span class='ocrx_word' id='word_1_7' title='bbox 566 316 679 377; x_wconf 86' lang='lat' dir='ltr'><strong>desinat</strong></span> <span class='ocrx_word' id='word_1_8' title='bbox 690 314 763 376; x_wconf 86' lang='lat' dir='ltr'><strong>&#39;esse</strong></span> <span class='ocrx_word' id='word_1_9' title='bbox 784 315 842 376; x_wconf 88' lang='lat' dir='ltr'><strong>sub</strong></span> <span class='ocrx_word' id='word_1_10' title='bbox 856 316 993 395; x_wconf 75' lang='lat' dir='ltr'><strong>speciebus</strong></span> 
     </span>
    </p>

    <p class='ocr_par' dir='ltr' id='par_1_3' title="bbox 63 396 993 544">
     <span class='ocr_line' id='line_1_3' title="bbox 63 396 993 478; baseline -0.006 -15"><span class='ocrx_word' id='word_1_11' title='bbox 63 399 319 468; x_wconf 68' lang='lat' dir='ltr'><strong>samamontalibus,</strong></span> <span class='ocrx_word' id='word_1_12' title='bbox 339 406 401 459; x_wconf 67' lang='lat' dir='ltr'><strong>mm</strong></span> <span class='ocrx_word' id='word_1_13' title='bbox 415 398 469 459; x_wconf 81' lang='lat' dir='ltr'><strong>cito</strong></span> <span class='ocrx_word' id='word_1_14' title='bbox 494 399 582 478; x_wconf 78' lang='lat' dir='ltr'><strong>quium</strong></span> <span class='ocrx_word' id='word_1_15' title='bbox 602 398 683 459; x_wconf 86' lang='lat' dir='ltr'><strong>labiis</strong></span> <span class='ocrx_word' id='word_1_16' title='bbox 705 400 870 478; x_wconf 87' lang='lat' dir='ltr'><strong>peccatoris</strong></span> <span class='ocrx_word' id='word_1_17' title='bbox 895 396 993 458; x_wconf 85' lang='lat' dir='ltr'><strong>contin-</strong></span> 
     </span>
     <span class='ocr_line' id='line_1_4' title="bbox 102 486 175 544; baseline 0.027 -3"><span class='ocrx_word' id='word_1_18' title='bbox 102 486 175 544; x_wconf 83' lang='lat' dir='ltr'><strong>ntur.</strong></span> 
     </span>
    </p>

    <p class='ocr_par' dir='ltr' id='par_1_4' title="bbox 63 503 922 641">
     <span class='ocr_line' id='line_1_5' title="bbox 63 503 922 641; baseline -0.005 -21"><span class='ocrx_word' id='word_1_19' title='bbox 63 503 230 632; x_wconf 60' lang='lat' dir='ltr'><strong>quuinam</strong></span> <span class='ocrx_word' id='word_1_20' title='bbox 242 561 420 641; x_wconf 71' lang='lat' dir='ltr'><strong>spiritualiter</strong></span> <span class='ocrx_word' id='word_1_21' title='bbox 432 560 544 619; x_wconf 80' lang='lat' dir='ltr'><strong>tantum</strong></span> <span class='ocrx_word' id='word_1_22' title='bbox 557 567 671 619; x_wconf 86' lang='lat' dir='ltr'><strong>sumunt</strong></span> <span class='ocrx_word' id='word_1_23' title='bbox 685 557 922 619; x_wconf 82' lang='lat' dir='ltr'><strong>Eucharistiam?</strong></span> 
     </span>
    </p>

    <p class='ocr_par' dir='ltr' id='par_1_5' title="bbox 63 640 992 1286">
     <span class='ocr_line' id='line_1_6' title="bbox 105 640 992 721; baseline 0 -20"><span class='ocrx_word' id='word_1_24' title='bbox 105 642 164 701; x_wconf 86' lang='grc' dir='ltr'><strong>ΙΙΙ.</strong></span> <span class='ocrx_word' id='word_1_25' title='bbox 187 643 224 701; x_wconf 87' lang='lat' dir='ltr'><strong>R.</strong></span> <span class='ocrx_word' id='word_1_26' title='bbox 235 642 333 702; x_wconf 84' lang='lat' dir='ltr'><strong>Juxta</strong></span> <span class='ocrx_word' id='word_1_27' title='bbox 341 640 423 700; x_wconf 84' lang='lat' dir='ltr'><strong>Trid.</strong></span> <span class='ocrx_word' id='word_1_28' title='bbox 437 641 500 721; x_wconf 86' lang='lat' dir='ltr'><strong>loco</strong></span> <span class='ocrx_word' id='word_1_29' title='bbox 514 644 615 701; x_wconf 84' lang='lat' dir='ltr'><strong>citato:</strong></span> <span class='ocrx_word' id='word_1_30' title='bbox 638 645 657 676; x_wconf 80' lang='lat'><strong>‘⁴</strong></span> <span class='ocrx_word' id='word_1_31' title='bbox 674 640 736 709; x_wconf 86' lang='lat' dir='ltr'><strong>Qui</strong></span> <span class='ocrx_word' id='word_1_32' title='bbox 750 649 816 700; x_wconf 86' lang='lat' dir='ltr'><strong>voto</strong></span> <span class='ocrx_word' id='word_1_33' title='bbox 827 641 992 720; x_wconf 85' lang='lat' dir='ltr'><strong>propositum</strong></span> 
     </span>
     <span class='ocr_line' id='line_1_7' title="bbox 64 720 992 800; baseline -0.004 -16"><span class='ocrx_word' id='word_1_34' title='bbox 64 724 145 784; x_wconf 88' lang='lat' dir='ltr'><strong>illum</strong></span> <span class='ocrx_word' id='word_1_35' title='bbox 160 722 312 783; x_wconf 88' lang='lat' dir='ltr'><strong>Coelestem</strong></span> <span class='ocrx_word' id='word_1_36' title='bbox 339 722 446 781; x_wconf 87' lang='lat' dir='ltr'><strong>Panem</strong></span> <span class='ocrx_word' id='word_1_37' title='bbox 471 720 599 796; x_wconf 85' lang='lat' dir='ltr'><strong>edentes,</strong></span> <span class='ocrx_word' id='word_1_38' title='bbox 627 720 700 780; x_wconf 85' lang='lat' dir='ltr'><strong>Fide</strong></span> <span class='ocrx_word' id='word_1_39' title='bbox 723 722 794 791; x_wconf 76' lang='lat' dir='ltr'><strong>vird,</strong></span> <span class='ocrx_word' id='word_1_40' title='bbox 819 741 882 800; x_wconf 86' lang='lat' dir='ltr'><strong>quae</strong></span> <span class='ocrx_word' id='word_1_41' title='bbox 897 740 943 800; x_wconf 89' lang='lat' dir='ltr'><strong>per</strong></span> <span class='ocrx_word' id='word_1_42' title='bbox 954 720 992 780; x_wconf 90' lang='lat' dir='ltr'><strong>di·</strong></span> 
     </span>
     <span class='ocr_line' id='line_1_8' title="bbox 63 802 992 882; baseline -0.004 -18"><span class='ocrx_word' id='word_1_43' title='bbox 63 805 213 864; x_wconf 88' lang='lat' dir='ltr'><strong>lectionem</strong></span> <span class='ocrx_word' id='word_1_44' title='bbox 234 810 373 882; x_wconf 88' lang='lat' dir='ltr'><strong>operatur,</strong></span> <span class='ocrx_word' id='word_1_45' title='bbox 394 802 515 862; x_wconf 88' lang='lat' dir='ltr'><strong>fructum</strong></span> <span class='ocrx_word' id='word_1_46' title='bbox 530 803 600 881; x_wconf 87' lang='lat' dir='ltr'><strong>ejus,</strong></span> <span class='ocrx_word' id='word_1_47' title='bbox 624 808 654 860; x_wconf 93' lang='lat' dir='ltr'><strong>et</strong></span> <span class='ocrx_word' id='word_1_48' title='bbox 668 803 823 861; x_wconf 83' lang='lat' dir='ltr'><strong>utilitatem</strong></span> <span class='ocrx_word' id='word_1_49' title='bbox 845 802 992 862; x_wconf 84' lang='lat' dir='ltr'><strong>sentiunt”</strong></span> 
     </span>
     <span class='ocr_line' id='line_1_9' title="bbox 66 882 991 963; baseline -0.001 -19"><span class='ocrx_word' id='word_1_50' title='bbox 66 886 106 945; x_wconf 83' lang='lat' dir='ltr'><strong>Et</strong></span> <span class='ocrx_word' id='word_1_51' title='bbox 119 884 233 963; x_wconf 89' lang='lat' dir='ltr'><strong>quidem</strong></span> <span class='ocrx_word' id='word_1_52' title='bbox 247 884 368 944; x_wconf 82' lang='lat' dir='ltr'><strong>fnrctum</strong></span> <span class='ocrx_word' id='word_1_53' title='bbox 381 884 463 943; x_wconf 88' lang='lat' dir='ltr'><strong>illurn</strong></span> <span class='ocrx_word' id='word_1_54' title='bbox 476 893 558 943; x_wconf 86' lang='lat' dir='ltr'><strong>vocat</strong></span> <span class='ocrx_word' id='word_1_55' title='bbox 571 885 604 943; x_wconf 86' lang='lat' dir='ltr'><strong>S.</strong></span> <span class='ocrx_word' id='word_1_56' title='bbox 627 882 758 942; x_wconf 81' lang='lat' dir='ltr'><strong>Thomas</strong></span> <span class='ocrx_word' id='word_1_57' title='bbox 772 882 824 941; x_wconf 92' lang='lat' dir='ltr'><strong>hic</strong></span> <span class='ocrx_word' id='word_1_58' title='bbox 846 892 899 942; x_wconf 88' lang='lat' dir='ltr'><strong>art.</strong></span> <span class='ocrx_word' id='word_1_59' title='bbox 917 886 941 940; x_wconf 94' lang='lat' dir='ltr'><strong>l.</strong></span> <span class='ocrx_word' id='word_1_60' title='bbox 959 883 991 943; x_wconf 87' lang='lat' dir='ltr'><strong>ad</strong></span> 
     </span>
     <span class='ocr_line' id='line_1_10' title="bbox 64 962 989 1045; baseline -0.002 -21"><span class='ocrx_word' id='word_1_61' title='bbox 64 966 95 1024; x_wconf 88' lang='grc'><strong>3.</strong></span> <span class='ocrx_word' id='word_1_62' title='bbox 110 964 242 1024; x_wconf 86' lang='lat' dir='ltr'><strong>effectum</strong></span> <span class='ocrx_word' id='word_1_63' title='bbox 257 967 448 1035; x_wconf 84' lang='lat' dir='ltr'><strong>Sacramenti;</strong></span> <span class='ocrx_word' id='word_1_64' title='bbox 471 985 526 1023; x_wconf 93' lang='lat' dir='ltr'><strong>non</strong></span> <span class='ocrx_word' id='word_1_65' title='bbox 541 968 608 1045; x_wconf 86' lang='lat' dir='ltr'><strong>quia</strong></span> <span class='ocrx_word' id='word_1_66' title='bbox 620 983 715 1023; x_wconf 87' lang='lat' dir='ltr'><strong>revera</strong></span> <span class='ocrx_word' id='word_1_67' title='bbox 722 964 904 1023; x_wconf 85' lang='lat' dir='ltr'><strong>Sacramenti</strong></span> <span class='ocrx_word' id='word_1_68' title='bbox 917 962 989 1022; x_wconf 84' lang='lat' dir='ltr'><strong>effac·</strong></span> 
     </span>
     <span class='ocr_line' id='line_1_11' title="bbox 64 1039 988 1125; baseline -0.002 -20"><span class='ocrx_word' id='word_1_69' title='bbox 64 1054 108 1105; x_wconf 89' lang='lat' dir='ltr'><strong>tus</strong></span> <span class='ocrx_word' id='word_1_70' title='bbox 121 1052 173 1119; x_wconf 87' lang='lat' dir='ltr'><strong>est,</strong></span> <span class='ocrx_word' id='word_1_71' title='bbox 194 1045 243 1105; x_wconf 88' lang='lat' dir='ltr'><strong>scd</strong></span> <span class='ocrx_word' id='word_1_72' title='bbox 257 1049 323 1125; x_wconf 88' lang='lat' dir='ltr'><strong>quia</strong></span> <span class='ocrx_word' id='word_1_73' title='bbox 349 1045 496 1124; x_wconf 69' lang='lat' dir='ltr'><strong>analogice</strong></span> <span class='ocrx_word' id='word_1_74' title='bbox 518 1039 595 1104; x_wconf 81' lang='lat' dir='ltr'><strong>idem</strong></span> <span class='ocrx_word' id='word_1_75' title='bbox 608 1052 652 1104; x_wconf 89' lang='lat' dir='ltr'><strong>est</strong></span> <span class='ocrx_word' id='word_1_76' title='bbox 670 1064 733 1103; x_wconf 88' lang='lat' dir='ltr'><strong>cum</strong></span> <span class='ocrx_word' id='word_1_77' title='bbox 747 1045 843 1106; x_wconf 87' lang='lat' dir='ltr'><strong>fructu</strong></span> <span class='ocrx_word' id='word_1_78' title='bbox 862 1043 988 1113; x_wconf 80' lang='lat' dir='ltr'><strong>Commu·</strong></span> 
     </span>
     <span class='ocr_line' id='line_1_12' title="bbox 65 1122 985 1206; baseline -0.001 -21"><span class='ocrx_word' id='word_1_79' title='bbox 65 1129 157 1186; x_wconf 91' lang='lat' dir='ltr'><strong>nionis</strong></span> <span class='ocrx_word' id='word_1_80' title='bbox 170 1127 263 1200; x_wconf 89' lang='lat' dir='ltr'><strong>realis,</strong></span> <span class='ocrx_word' id='word_1_81' title='bbox 277 1126 346 1186; x_wconf 74' lang='lat' dir='ltr'><strong>licet</strong></span> <span class='ocrx_word' id='word_1_82' title='bbox 357 1142 412 1186; x_wconf 91' lang='lat' dir='ltr'><strong>non</strong></span> <span class='ocrx_word' id='word_1_83' title='bbox 423 1145 475 1206; x_wconf 91' lang='lat' dir='ltr'><strong>per</strong></span> <span class='ocrx_word' id='word_1_84' title='bbox 484 1128 590 1186; x_wconf 89' lang='lat' dir='ltr'><strong>omnia.</strong></span> <span class='ocrx_word' id='word_1_85' title='bbox 629 1124 705 1185; x_wconf 87' lang='lat' dir='ltr'><strong>Vide</strong></span> <span class='ocrx_word' id='word_1_86' title='bbox 722 1126 816 1185; x_wconf 90' lang='lat' dir='ltr'><strong>Num.</strong></span> <span class='ocrx_word' id='word_1_87' title='bbox 831 1126 884 1185; x_wconf 83' lang='lat'><strong>24.</strong></span> <span class='ocrx_word' id='word_1_88' title='bbox 897 1126 933 1184; x_wconf 84' lang='lat' dir='ltr'><strong>dc</strong></span> <span class='ocrx_word' id='word_1_89' title='bbox 944 1122 985 1183; x_wconf 76' lang='lat' dir='ltr'><strong>do</strong></span> 
     </span>
     <span class='ocr_line' id='line_1_13' title="bbox 68 1210 413 1286; baseline 0.003 -21"><span class='ocrx_word' id='word_1_90' title='bbox 68 1210 226 1267; x_wconf 78' lang='lat' dir='ltr'><strong>oramentis</strong></span> <span class='ocrx_word' id='word_1_91' title='bbox 245 1211 277 1267; x_wconf 82' lang='lat' dir='ltr'><strong>in</strong></span> <span class='ocrx_word' id='word_1_92' title='bbox 291 1226 413 1286; x_wconf 79' lang='lat' dir='ltr'><strong>genere.</strong></span> 
     </span>
    </p>

    <p class='ocr_par' dir='ltr' id='par_1_6' title="bbox 65 1285 988 2077">
     <span class='ocr_line' id='line_1_14' title="bbox 108 1285 984 1367; baseline 0.001 -20"><span class='ocrx_word' id='word_1_93' title='bbox 108 1288 193 1348; x_wconf 89' lang='lat' dir='ltr'><strong>Unde</strong></span> <span class='ocrx_word' id='word_1_94' title='bbox 206 1296 291 1367; x_wconf 88' lang='lat' dir='ltr'><strong>potet,</strong></span> <span class='ocrx_word' id='word_1_95' title='bbox 305 1289 415 1367; x_wconf 86' lang='lat' dir='ltr'><strong>praxim</strong></span> <span class='ocrx_word' id='word_1_96' title='bbox 423 1285 649 1347; x_wconf 88' lang='lat' dir='ltr'><strong>communicandi</strong></span> <span class='ocrx_word' id='word_1_97' title='bbox 656 1287 841 1367; x_wconf 87' lang='lat' dir='ltr'><strong>spiritualiter</strong></span> <span class='ocrx_word' id='word_1_98' title='bbox 853 1306 915 1346; x_wconf 84' lang='lat' dir='ltr'><strong>esso</strong></span> <span class='ocrx_word' id='word_1_99' title='bbox 923 1306 984 1348; x_wconf 75' lang='lat' dir='ltr'><strong>sum</strong></span> 
     </span>
     <span class='ocr_line' id='line_1_15' title="bbox 66 1367 984 1448; baseline 0.001 -20"><span class='ocrx_word' id='word_1_100' title='bbox 66 1389 178 1448; x_wconf 91' lang='lat' dir='ltr'><strong>mopere</strong></span> <span class='ocrx_word' id='word_1_101' title='bbox 191 1368 456 1441; x_wconf 86' lang='lat' dir='ltr'><strong>commendandam,</strong></span> <span class='ocrx_word' id='word_1_102' title='bbox 476 1369 619 1446; x_wconf 70' lang='lat' dir='ltr'><strong>signanter</strong></span> <span class='ocrx_word' id='word_1_103' title='bbox 632 1371 756 1440; x_wconf 87' lang='lat' dir='ltr'><strong>infirmis,</strong></span> <span class='ocrx_word' id='word_1_104' title='bbox 778 1372 850 1428; x_wconf 87' lang='lat' dir='ltr'><strong>item</strong></span> <span class='ocrx_word' id='word_1_105' title='bbox 870 1367 984 1429; x_wconf 75' lang='lat' dir='ltr'><strong>fidelibo</strong></span> 
     </span>
     <span class='ocr_line' id='line_1_16' title="bbox 66 1448 984 1530; baseline 0.002 -21"><span class='ocrx_word' id='word_1_106' title='bbox 66 1449 258 1510; x_wconf 73' lang='lat' dir='ltr'><strong>assistentibus</strong></span> <span class='ocrx_word' id='word_1_107' title='bbox 280 1448 425 1510; x_wconf 84' lang='lat' dir='ltr'><strong>Sacrificio</strong></span> <span class='ocrx_word' id='word_1_108' title='bbox 448 1450 556 1525; x_wconf 76' lang='lat' dir='ltr'><strong>Missae,</strong></span> <span class='ocrx_word' id='word_1_109' title='bbox 577 1452 644 1510; x_wconf 90' lang='lat' dir='ltr'><strong>item</strong></span> <span class='ocrx_word' id='word_1_110' title='bbox 667 1449 731 1524; x_wconf 90' lang='lat' dir='ltr'><strong>illis,</strong></span> <span class='ocrx_word' id='word_1_111' title='bbox 750 1451 801 1529; x_wconf 91' lang='lat' dir='ltr'><strong>qui</strong></span> <span class='ocrx_word' id='word_1_112' title='bbox 824 1449 984 1530; x_wconf 54' lang='lat' dir='ltr'><strong>frequenti&amp;</strong></span> 
     </span>
     <span class='ocr_line' id='line_1_17' title="bbox 67 1529 985 1610; baseline 0 -20"><span class='ocrx_word' id='word_1_113' title='bbox 67 1533 151 1610; x_wconf 78' lang='lat' dir='ltr'><strong>quim</strong></span> <span class='ocrx_word' id='word_1_114' title='bbox 166 1530 283 1608; x_wconf 87' lang='lat' dir='ltr'><strong>expedit</strong></span> <span class='ocrx_word' id='word_1_115' title='bbox 294 1529 391 1591; x_wconf 85' lang='lat' dir='ltr'><strong>uolunt</strong></span> <span class='ocrx_word' id='word_1_116' title='bbox 403 1532 645 1592; x_wconf 78' lang='lat' dir='ltr'><strong>sacramentaliter</strong></span> <span class='ocrx_word' id='word_1_117' title='bbox 662 1533 883 1591; x_wconf 85' lang='lat' dir='ltr'><strong>communicare.</strong></span> <span class='ocrx_word' id='word_1_118' title='bbox 922 1531 985 1601; x_wconf 80' lang='lat' dir='ltr'><strong>Qat-</strong></span> 
     </span>
     <span class='ocr_line' id='line_1_18' title="bbox 67 1602 987 1693; baseline 0 -22"><span class='ocrx_word' id='word_1_119' title='bbox 67 1614 143 1673; x_wconf 84' lang='lat' dir='ltr'><strong>eirca</strong></span> <span class='ocrx_word' id='word_1_120' title='bbox 154 1621 250 1672; x_wconf 89' lang='lat' dir='ltr'><strong>tamen</strong></span> <span class='ocrx_word' id='word_1_121' title='bbox 264 1611 386 1681; x_wconf 86' lang='lat' dir='ltr'><strong>observa,</strong></span> <span class='ocrx_word' id='word_1_122' title='bbox 408 1612 483 1691; x_wconf 82' lang='lat' dir='ltr'><strong>quod</strong></span> <span class='ocrx_word' id='word_1_123' title='bbox 497 1614 594 1693; x_wconf 82' lang='lat' dir='ltr'><strong>appeti</strong></span> <span class='ocrx_word' id='word_1_124' title='bbox 607 1632 663 1671; x_wconf 93' lang='lat' dir='ltr'><strong>non</strong></span> <span class='ocrx_word' id='word_1_125' title='bbox 678 1615 765 1692; x_wconf 91' lang='lat' dir='ltr'><strong>possit</strong></span> <span class='ocrx_word' id='word_1_126' title='bbox 793 1602 987 1672; x_wconf 71' lang='lat' dir='ltr'><strong>sacramentali</strong></span> 
     </span>
     <span class='ocr_line' id='line_1_19' title="bbox 65 1691 986 1773; baseline 0.003 -23"><span class='ocrx_word' id='word_1_127' title='bbox 65 1693 205 1773; x_wconf 82' lang='lat' dir='ltr'><strong>susceptio</strong></span> <span class='ocrx_word' id='word_1_128' title='bbox 217 1693 270 1752; x_wconf 88' lang='lat' dir='ltr'><strong>nisi</strong></span> <span class='ocrx_word' id='word_1_129' title='bbox 284 1694 443 1773; x_wconf 82' lang='lat' dir='ltr'><strong>peragenda</strong></span> <span class='ocrx_word' id='word_1_130' title='bbox 456 1693 504 1753; x_wconf 86' lang='lat' dir='ltr'><strong>illo</strong></span> <span class='ocrx_word' id='word_1_131' title='bbox 517 1702 654 1773; x_wconf 88' lang='lat' dir='ltr'><strong>ternpore,</strong></span> <span class='ocrx_word' id='word_1_132' title='bbox 676 1713 733 1772; x_wconf 92' lang='lat' dir='ltr'><strong>quo</strong></span> <span class='ocrx_word' id='word_1_133' title='bbox 757 1693 813 1752; x_wconf 88' lang='lat' dir='ltr'><strong>boc</strong></span> <span class='ocrx_word' id='word_1_134' title='bbox 837 1691 986 1753; x_wconf 69' lang='lat' dir='ltr'><strong>deiterata</strong></span> 
     </span>
     <span class='ocr_line' id='line_1_20' title="bbox 67 1772 986 1855; baseline 0 -20"><span class='ocrx_word' id='word_1_135' title='bbox 67 1784 109 1835; x_wconf 85' lang='lat' dir='ltr'><strong>est</strong></span> <span class='ocrx_word' id='word_1_136' title='bbox 122 1777 152 1833; x_wconf 95' lang='lat' dir='ltr'><strong>in</strong></span> <span class='ocrx_word' id='word_1_137' title='bbox 165 1780 238 1832; x_wconf 88' lang='lat' dir='ltr'><strong>statu</strong></span> <span class='ocrx_word' id='word_1_138' title='bbox 252 1775 368 1852; x_wconf 81' lang='lat' dir='ltr'><strong>gratias:</strong></span> <span class='ocrx_word' id='word_1_139' title='bbox 396 1772 472 1832; x_wconf 89' lang='lat' dir='ltr'><strong>unde</strong></span> <span class='ocrx_word' id='word_1_140' title='bbox 484 1777 610 1834; x_wconf 85' lang='lat' dir='ltr'><strong>existens</strong></span> <span class='ocrx_word' id='word_1_141' title='bbox 634 1776 662 1832; x_wconf 90' lang='lat' dir='ltr'><strong>in</strong></span> <span class='ocrx_word' id='word_1_142' title='bbox 682 1780 801 1855; x_wconf 87' lang='lat' dir='ltr'><strong>peccato</strong></span> <span class='ocrx_word' id='word_1_143' title='bbox 815 1774 986 1835; x_wconf 75' lang='lat' dir='ltr'><strong>mortalium</strong></span> 
     </span>
     <span class='ocr_line' id='line_1_21' title="bbox 66 1853 988 1936; baseline 0.005 -22"><span class='ocrx_word' id='word_1_144' title='bbox 66 1862 157 1936; x_wconf 89' lang='lat' dir='ltr'><strong>potest</strong></span> <span class='ocrx_word' id='word_1_145' title='bbox 165 1854 343 1933; x_wconf 87' lang='lat' dir='ltr'><strong>spiritualiter</strong></span> <span class='ocrx_word' id='word_1_146' title='bbox 356 1855 647 1927; x_wconf 56' lang='lat' dir='ltr'><strong>communicaretis&amp;</strong></span> <span class='ocrx_word' id='word_1_147' title='bbox 661 1857 745 1931; x_wconf 92' lang='lat' dir='ltr'><strong>possit</strong></span> <span class='ocrx_word' id='word_1_148' title='bbox 757 1853 988 1919; x_wconf 75' lang='lat' dir='ltr'><strong>Sacramentum</strong></span> 
     </span>
     <span class='ocr_line' id='line_1_22' title="bbox 66 1934 988 2016; baseline 0.002 -23"><span class='ocrx_word' id='word_1_149' title='bbox 66 1938 273 2015; x_wconf 83' lang='lat' dir='ltr'><strong>susceptionem</strong></span> <span class='ocrx_word' id='word_1_150' title='bbox 287 1934 445 1995; x_wconf 86' lang='lat' dir='ltr'><strong>desiderare</strong></span> <span class='ocrx_word' id='word_1_151' title='bbox 458 1955 509 2015; x_wconf 91' lang='lat' dir='ltr'><strong>pro</strong></span> <span class='ocrx_word' id='word_1_152' title='bbox 522 1935 624 2007; x_wconf 83' lang='lat' dir='ltr'><strong>futuro,</strong></span> <span class='ocrx_word' id='word_1_153' title='bbox 646 1934 715 1994; x_wconf 89' lang='lat' dir='ltr'><strong>dum</strong></span> <span class='ocrx_word' id='word_1_154' title='bbox 728 1954 833 2016; x_wconf 89' lang='lat' dir='ltr'><strong>nempe</strong></span> <span class='ocrx_word' id='word_1_155' title='bbox 845 1935 889 1995; x_wconf 90' lang='lat' dir='ltr'><strong>illi</strong></span> <span class='ocrx_word' id='word_1_156' title='bbox 901 1953 988 2014; x_wconf 78' lang='lat' dir='ltr'><strong>pecco·</strong></span> 
     </span>
     <span class='ocr_line' id='line_1_23' title="bbox 67 2019 365 2077; baseline 0.007 -2"><span class='ocrx_word' id='word_1_157' title='bbox 67 2027 127 2077; x_wconf 88' lang='lat' dir='ltr'><strong>tum</strong></span> <span class='ocrx_word' id='word_1_158' title='bbox 143 2020 195 2076; x_wconf 88' lang='lat' dir='ltr'><strong>erit</strong></span> <span class='ocrx_word' id='word_1_159' title='bbox 208 2019 365 2077; x_wconf 85' lang='lat' dir='ltr'><strong>remissurn.</strong></span> 
     </span>
    </p>

    <p class='ocr_par' dir='ltr' id='par_1_7' title="bbox 68 2095 992 2480">
     <span class='ocr_line' id='line_1_24' title="bbox 111 2095 989 2177; baseline 0.001 -21"><span class='ocrx_word' id='word_1_160' title='bbox 111 2101 207 2158; x_wconf 87' lang='lat' dir='ltr'><strong>Docet</strong></span> <span class='ocrx_word' id='word_1_161' title='bbox 219 2099 249 2156; x_wconf 88' lang='lat' dir='ltr'><strong>S.</strong></span> <span class='ocrx_word' id='word_1_162' title='bbox 264 2097 373 2157; x_wconf 87' lang='lat' dir='ltr'><strong>Thom.</strong></span> <span class='ocrx_word' id='word_1_163' title='bbox 401 2102 453 2162; x_wconf 84' lang='lat' dir='ltr'><strong>art,</strong></span> <span class='ocrx_word' id='word_1_164' title='bbox 468 2101 496 2157; x_wconf 82' lang='lat'><strong>2.</strong></span> <span class='ocrx_word' id='word_1_165' title='bbox 513 2097 637 2175; x_wconf 84' lang='lat' dir='ltr'><strong>Angelos</strong></span> <span class='ocrx_word' id='word_1_166' title='bbox 649 2095 739 2177; x_wconf 90' lang='lat' dir='ltr'><strong>(idern</strong></span> <span class='ocrx_word' id='word_1_167' title='bbox 754 2103 797 2156; x_wconf 91' lang='lat' dir='ltr'><strong>est</strong></span> <span class='ocrx_word' id='word_1_168' title='bbox 807 2095 843 2155; x_wconf 89' lang='lat' dir='ltr'><strong>de</strong></span> <span class='ocrx_word' id='word_1_169' title='bbox 860 2097 989 2157; x_wconf 86' lang='lat' dir='ltr'><strong>Beatisin</strong></span> 
     </span>
     <span class='ocr_line' id='line_1_25' title="bbox 69 2178 992 2257; baseline 0 -20"><span class='ocrx_word' id='word_1_170' title='bbox 69 2180 178 2255; x_wconf 87' lang='lat' dir='ltr'><strong>Putria)</strong></span> <span class='ocrx_word' id='word_1_171' title='bbox 197 2198 375 2237; x_wconf 83' lang='lat' dir='ltr'><strong>consumere</strong></span> <span class='ocrx_word' id='word_1_172' title='bbox 395 2179 574 2257; x_wconf 86' lang='lat' dir='ltr'><strong>spiritualiter</strong></span> <span class='ocrx_word' id='word_1_173' title='bbox 601 2178 655 2237; x_wconf 87' lang='lat' dir='ltr'><strong>hoc</strong></span> <span class='ocrx_word' id='word_1_174' title='bbox 675 2178 912 2250; x_wconf 67' lang='lat' dir='ltr'><strong>Sacramentum</strong></span> <span class='ocrx_word' id='word_1_175' title='bbox 933 2180 992 2257; x_wconf 79' lang='lat' dir='ltr'><strong>quio</strong></span> 
     </span>
     <span class='ocr_line' id='line_1_26' title="bbox 68 2257 992 2338; baseline -0.001 -20"><span class='ocrx_word' id='word_1_176' title='bbox 68 2260 138 2319; x_wconf 91' lang='lat' dir='ltr'><strong>illud</strong></span> <span class='ocrx_word' id='word_1_177' title='bbox 151 2258 260 2319; x_wconf 88' lang='lat' dir='ltr'><strong>realiter</strong></span> <span class='ocrx_word' id='word_1_178' title='bbox 273 2279 385 2319; x_wconf 89' lang='lat' dir='ltr'><strong>sumere</strong></span> <span class='ocrx_word' id='word_1_179' title='bbox 399 2280 455 2318; x_wconf 92' lang='lat' dir='ltr'><strong>non</strong></span> <span class='ocrx_word' id='word_1_180' title='bbox 470 2259 638 2332; x_wconf 89' lang='lat' dir='ltr'><strong>desiderant,</strong></span> <span class='ocrx_word' id='word_1_181' title='bbox 651 2267 750 2338; x_wconf 88' lang='lat' dir='ltr'><strong>utpote</strong></span> <span class='ocrx_word' id='word_1_182' title='bbox 765 2257 915 2317; x_wconf 89' lang='lat' dir='ltr'><strong>Christum</strong></span> <span class='ocrx_word' id='word_1_183' title='bbox 927 2257 992 2317; x_wconf 79' lang='lat' dir='ltr'><strong>facie</strong></span> 
     </span>
     <span class='ocr_line' id='line_1_27' title="bbox 68 2339 992 2419; baseline -0.001 -20"><span class='ocrx_word' id='word_1_184' title='bbox 68 2342 103 2399; x_wconf 82' lang='lat' dir='ltr'><strong>ad</strong></span> <span class='ocrx_word' id='word_1_185' title='bbox 117 2340 220 2399; x_wconf 83' lang='lat' dir='ltr'><strong>faciem</strong></span> <span class='ocrx_word' id='word_1_186' title='bbox 233 2339 374 2400; x_wconf 91' lang='lat' dir='ltr'><strong>videntes:</strong></span> <span class='ocrx_word' id='word_1_187' title='bbox 395 2349 511 2419; x_wconf 86' lang='lat' dir='ltr'><strong>possunt</strong></span> <span class='ocrx_word' id='word_1_188' title='bbox 532 2349 626 2400; x_wconf 88' lang='lat' dir='ltr'><strong>tamen</strong></span> <span class='ocrx_word' id='word_1_189' title='bbox 647 2339 703 2399; x_wconf 90' lang='lat' dir='ltr'><strong>dici</strong></span> <span class='ocrx_word' id='word_1_190' title='bbox 718 2339 869 2398; x_wconf 86' lang='lat' dir='ltr'><strong>Christum</strong></span> <span class='ocrx_word' id='word_1_191' title='bbox 892 2356 992 2399; x_wconf 80' lang='lat' dir='ltr'><strong>sumere</strong></span> 
     </span>
     <span class='ocr_line' id='line_1_28' title="bbox 69 2421 257 2480; baseline -0.005 -1"><span class='ocrx_word' id='word_1_192' title='bbox 69 2443 82 2480; x_wconf 88' lang='lat' dir='ltr'><strong>s</strong></span> <span class='ocrx_word' id='word_1_193' title='bbox 104 2421 257 2480; x_wconf 85' lang='lat' dir='ltr'><strong>iritualiter.</strong></span> 
     </span>
    </p>

    <p class='ocr_par' dir='ltr' id='par_1_8' title="bbox 84 2443 991 2581">
     <span class='ocr_line' id='line_1_29' title="bbox 84 2443 991 2581; baseline -0.001 -21"><span class='ocrx_word' id='word_1_194' title='bbox 84 2443 175 2561; x_wconf 88' lang='lat' dir='ltr'><strong>pNec</strong></span> <span class='ocrx_word' id='word_1_195' title='bbox 189 2501 299 2581; x_wconf 71' lang='lat' dir='ltr'><strong>proprie</strong></span> <span class='ocrx_word' id='word_1_196' title='bbox 313 2501 410 2560; x_wconf 89' lang='lat' dir='ltr'><strong>Sancti</strong></span> <span class='ocrx_word' id='word_1_197' title='bbox 422 2502 523 2560; x_wconf 83' lang='lat' dir='ltr'><strong>vetoris</strong></span> <span class='ocrx_word' id='word_1_198' title='bbox 532 2502 708 2560; x_wconf 86' lang='lat' dir='ltr'><strong>Testamenti</strong></span> <span class='ocrx_word' id='word_1_199' title='bbox 714 2500 898 2580; x_wconf 86' lang='lat' dir='ltr'><strong>spiritualiter</strong></span> <span class='ocrx_word' id='word_1_200' title='bbox 909 2519 991 2559; x_wconf 86' lang='lat' dir='ltr'><strong>sume·</strong></span> 
     </span>
    </p>

    <p class='ocr_par' dir='ltr' id='par_1_9' title="bbox 67 2581 993 2887">
     <span class='ocr_line' id='line_1_30' title="bbox 68 2581 993 2661; baseline -0.002 -18"><span class='ocrx_word' id='word_1_201' title='bbox 68 2586 138 2643; x_wconf 92' lang='lat' dir='ltr'><strong>bant</strong></span> <span class='ocrx_word' id='word_1_202' title='bbox 149 2583 206 2642; x_wconf 93' lang='lat' dir='ltr'><strong>hoc</strong></span> <span class='ocrx_word' id='word_1_203' title='bbox 226 2585 451 2657; x_wconf 86' lang='lat' dir='ltr'><strong>Sacramentum,</strong></span> <span class='ocrx_word' id='word_1_204' title='bbox 471 2585 522 2642; x_wconf 83' lang='lat' dir='ltr'><strong>etsi</strong></span> <span class='ocrx_word' id='word_1_205' title='bbox 545 2582 646 2661; x_wconf 84' lang='lat' dir='ltr'><strong>figuras</strong></span> <span class='ocrx_word' id='word_1_206' title='bbox 660 2602 724 2641; x_wconf 90' lang='lat' dir='ltr'><strong>cum</strong></span> <span class='ocrx_word' id='word_1_207' title='bbox 738 2581 865 2661; x_wconf 88' lang='lat' dir='ltr'><strong>quodam</strong></span> <span class='ocrx_word' id='word_1_208' title='bbox 881 2582 993 2641; x_wconf 76' lang='lat' dir='ltr'><strong>verint·</strong></span> 
     </span>
     <span class='ocr_line' id='line_1_31' title="bbox 68 2659 992 2736; baseline -0.004 -12"><span class='ocrx_word' id='word_1_209' title='bbox 68 2665 204 2725; x_wconf 89' lang='lat' dir='ltr'><strong>desiderio</strong></span> <span class='ocrx_word' id='word_1_210' title='bbox 216 2671 367 2736; x_wconf 86' lang='lat' dir='ltr'><strong>sumerent,</strong></span> <span class='ocrx_word' id='word_1_211' title='bbox 387 2674 420 2722; x_wconf 89' lang='lat' dir='ltr'><strong>ut</strong></span> <span class='ocrx_word' id='word_1_212' title='bbox 431 2666 557 2722; x_wconf 87' lang='lat' dir='ltr'><strong>insinuat</strong></span> <span class='ocrx_word' id='word_1_213' title='bbox 569 2665 689 2723; x_wconf 86' lang='lat' dir='ltr'><strong>Sanctus</strong></span> <span class='ocrx_word' id='word_1_214' title='bbox 703 2664 841 2733; x_wconf 84' lang='lat' dir='ltr'><strong>Thomas,</strong></span> <span class='ocrx_word' id='word_1_215' title='bbox 858 2671 911 2722; x_wconf 83' lang='lat' dir='ltr'><strong>art</strong></span> <span class='ocrx_word' id='word_1_216' title='bbox 923 2666 948 2719; x_wconf 89' lang='lat'><strong>1.</strong></span> <span class='ocrx_word' id='word_1_217' title='bbox 959 2659 992 2720; x_wconf 81' lang='lat' dir='ltr'><strong>ed</strong></span> 
     </span>
     <span class='ocr_line' id='line_1_32' title="bbox 67 2744 990 2826; baseline -0.002 -23"><span class='ocrx_word' id='word_1_218' title='bbox 67 2747 97 2804; x_wconf 90' lang='lat'><strong>3.</strong></span> <span class='ocrx_word' id='word_1_219' title='bbox 113 2744 464 2826; x_wconf 88' lang='lat' dir='ltr'><strong>quiasumptiospiritualis</strong></span> <span class='ocrx_word' id='word_1_220' title='bbox 474 2745 829 2825; x_wconf 88' lang='lat' dir='ltr'><strong>supponitSacramentnm</strong></span> <span class='ocrx_word' id='word_1_221' title='bbox 839 2745 990 2805; x_wconf 85' lang='lat' dir='ltr'><strong>institutum</strong></span> 
     </span>
     <span class='ocr_line' id='line_1_33' title="bbox 69 2831 243 2887; baseline -0.017 0"><span class='ocrx_word' id='word_1_222' title='bbox 69 2840 98 2887; x_wconf 89' lang='lat' dir='ltr'><strong>et</strong></span> <span class='ocrx_word' id='word_1_223' title='bbox 111 2831 243 2886; x_wconf 86' lang='lat' dir='ltr'><strong>existens.</strong></span> 
     </span>
    </p>

    <p class='ocr_par' dir='ltr' id='par_1_10' title="bbox 112 2905 944 2987">
     <span class='ocr_line' id='line_1_34' title="bbox 112 2905 944 2987; baseline -0.004 -21"><span class='ocrx_word' id='word_1_224' title='bbox 112 2908 165 2966; x_wconf 91' lang='lat' dir='ltr'><strong>lV.</strong></span> <span class='ocrx_word' id='word_1_225' title='bbox 182 2908 255 2978; x_wconf 82' lang='lat' dir='ltr'><strong>Quis</strong></span> <span class='ocrx_word' id='word_1_226' title='bbox 267 2909 351 2966; x_wconf 89' lang='lat' dir='ltr'><strong>sumit</strong></span> <span class='ocrx_word' id='word_1_227' title='bbox 362 2905 596 2966; x_wconf 85' lang='lat' dir='ltr'><strong>sacramentaliter</strong></span> <span class='ocrx_word' id='word_1_228' title='bbox 609 2906 823 2987; x_wconf 86' lang='lat' dir='ltr'><strong>etspiritueliter</strong></span> <span class='ocrx_word' id='word_1_229' title='bbox 833 2905 944 2966; x_wconf 88' lang='lat' dir='ltr'><strong>simul?</strong></span> 
     </span>
    </p>

    <p class='ocr_par' dir='ltr' id='par_1_11' title="bbox 71 2985 988 3151">
     <span class='ocr_line' id='line_1_35' title="bbox 113 2985 988 3070; baseline 0.003 -22"><span class='ocrx_word' id='word_1_230' title='bbox 113 2991 151 3048; x_wconf 82' lang='lat' dir='ltr'><strong>lt.</strong></span> <span class='ocrx_word' id='word_1_231' title='bbox 167 2989 227 3059; x_wconf 81' lang='lat' dir='ltr'><strong>Qui</strong></span> <span class='ocrx_word' id='word_1_232' title='bbox 240 2987 309 3049; x_wconf 91' lang='lat' dir='ltr'><strong>illud</strong></span> <span class='ocrx_word' id='word_1_233' title='bbox 322 2988 432 3048; x_wconf 88' lang='lat' dir='ltr'><strong>realiter</strong></span> <span class='ocrx_word' id='word_1_234' title='bbox 440 2994 470 3046; x_wconf 89' lang='lat' dir='ltr'><strong>et</strong></span> <span class='ocrx_word' id='word_1_235' title='bbox 482 2986 567 3066; x_wconf 77' lang='lat' dir='ltr'><strong>digne</strong></span> <span class='ocrx_word' id='word_1_236' title='bbox 581 2991 704 3070; x_wconf 87' lang='lat' dir='ltr'><strong>suscipit,</strong></span> <span class='ocrx_word' id='word_1_237' title='bbox 725 2988 902 3050; x_wconf 87' lang='lat' dir='ltr'><strong>Sacramenti</strong></span> <span class='ocrx_word' id='word_1_238' title='bbox 917 2985 988 3068; x_wconf 85' lang='lat' dir='ltr'><strong>huju</strong></span> 
     </span>
     <span class='ocr_line' id='line_1_36' title="bbox 71 3068 575 3151; baseline -0.008 -21"><span class='ocrx_word' id='word_1_239' title='bbox 71 3071 188 3132; x_wconf 79' lang='lat' dir='ltr'><strong>effectus</strong></span> <span class='ocrx_word' id='word_1_240' title='bbox 203 3069 413 3151; x_wconf 87' lang='lat' dir='ltr'><strong>consequenda;</strong></span> <span class='ocrx_word' id='word_1_241' title='bbox 435 3068 575 3149; x_wconf 87' lang='lat' dir='ltr'><strong>utjustus.</strong></span> 
     </span>
    </p>
   </div>
   <div class='ocr_carea' id='block_1_3' title="bbox 0 0 1078 3990">
    <p class='ocr_par' dir='ltr' id='par_1_12' title="bbox 0 0 1078 3990">
     <span class='ocr_line' id='line_1_37' title="bbox 0 0 1078 3990; baseline 0 0"><span class='ocrx_word' id='word_1_242' title='bbox 0 0 1078 3990; x_wconf 95' lang='lat' dir='ltr'><strong> </strong></span> 
     </span>
    </p>
   </div>
  </div>
 </body>
</html>
