2130 3990
227 173 270 217 aa
285 173 501 220 aucuaarsma.
771 160 835 223 Μ

34 399 833 466 )EOBLIGATIONESACRAMENTALITER

34 482 387 545 lNHTENDlANTE
396 480 750 546 COMMUNIONEM.

127 646 216 707 Cone.
235 646 318 706 Trid.
333 646 413 706 Sese.
432 644 477 735 137.
499 665 563 725 cup.
578 643 607 703 7.

34 810 89 868 eiua
103 813 220 888 peccati
241 808 386 870 mortales.
429 807 468 866 II.
487 808 611 870 Tenetur
620 811 728 888 praeur'e
742 811 828 878 coari-

52 891 109 949 111.
123 892 199 950 Jure
214 891 333 951 Divino.
370 890 425 950 IV.
436 890 536 950 Etiam
550 888 662 949 dubius.
699 890 737 950 V.
754 890 829 953 Item

34 976 73 1031 t'ce
86 973 230 1033 indirecte
242 976 356 1033 tentam
367 970 527 1032 absolutus.

34 1152 203 1195 [arrianum
232 1133 472 1195 sacramentaliter
498 1133 651 1197 confitendi
668 1132 828 1208 incumbere

34 1261 37 1282 ‚
58 1219 107 1297 qui
119 1217 171 1277 sibi
186 1219 289 1276 conscii
297 1226 364 1275 sunt
376 1217 486 1296 peccati
495 1215 630 1286 mortalis,
651 1217 828 1296 quantumvis

34 1301 86 1356 itos
110 1301 282 1371 existiment,
303 1297 387 1356 docet
410 1297 518 1356 Concil.
532 1296 665 1359 Trident.
680 1296 827 1377 explicans

34 1381 120 1439 »ostoli
130 1401 137 1437 ε
149 1379 364 1439 Probetautem
375 1381 502 1456 sceptrum
512 1373 733 1439 annotantem
744 1379 828 1439 citato

34 1482 59 1519 s:
76 1461 116 1519 ll.
139 1465 158 1495 “
174 1462 378 1520 Ecclesiastica
391 1466 486 1518 autem
500 1458 673 1521 cousuetudo
693 1458 826 1527 declarat,

34 1543 170 1602 rationem
192 1543 377 1602 necessariam
392 1560 460 1608 esse,
483 1549 515 1599 ut
528 1539 619 1600 nullus
633 1540 688 1599 sibi
702 1541 827 1600 conscius

50 1628 166 1701 peccati,
190 1626 363 1703 quantumvis
390 1621 443 1679 sibi
459 1624 591 1683 contritus
604 1621 737 1691 videatur,
761 1619 825 1680 aba·

34 1706 116 1763 missa
129 1705 321 1763 sacramentali
337 1701 508 1769 confessione
520 1702 556 1761 ad
571 1703 686 1761 Sacram
708 1700 825 1762 Eucha-

34 1786 148 1844 ccedere
162 1785 276 1844 debeat:
291 1784 365 1863 quod
377 1785 396 1841 a
410 1784 575 1842 Christianis
589 1783 727 1852 omnibus,
739 1789 824 1843 etium

37 1866 203 1934 ramalibus,
225 1866 324 1944 quibus
338 1886 375 1924 ex
388 1862 493 1924 Officio
507 1864 663 1924 incubuerit
676 1862 822 1934 celebrare,

34 1959 92 2005 icta
114 1948 247 2026 Synodus
271 1966 318 2026 per
338 1951 403 2006 etuti
427 1966 487 2004 csse
515 1946 678 2005 servandum
692 1947 824 2019 decreuit,

34 2049 56 2085 m
71 2029 142 2088 desit
155 2030 208 2088 illis
220 2034 300 2107 copia
315 1968 501 2086 donfessoris:
523 2027 642 2105 quidsi,
658 2031 824 2088 necessitate

41 2110 179 2168 Sacerdos
192 2111 297 2186 absque
316 2112 418 2187 previa
442 2107 617 2167 confessione
631 2108 824 2183 celebrauerit,

34 2192 102 2249 uiam
118 2190 313 2249 confiteatur.''

39 2272 143 2331 ibidem
167 2271 301 2330 deliniens
321 2291 382 2329 can.
409 2270 456 2329 ll.
479 2271 641 2352 subjungit:
667 2272 733 2330 “Si
761 2274 821 2351 quie

34 2357 168 2412 utrarium
185 2353 294 2426 docere,
315 2352 475 2432 praedicare,
497 2355 538 2412 vel
554 2355 732 2432 pertinaciter
745 2373 820 2412 assa·

46 2437 131 2493 etiam
143 2434 255 2514 publice
270 2432 438 2512 disputando
448 2429 598 2493 defendere
607 2438 821 2515 presumpserit,

34 2519 274 2574 scammunicatus
286 2513 416 2573 existat.’'

34 2608 88 2654 lum
103 2597 183 2654 Trid.
199 2596 279 2654 dicit:
302 2595 516 2657 Ecclect‘uctica
529 2599 708 2659 consuetudo
721 2596 790 2657 decl
807 2629 819 2644 ·

34 2701 40 2737 r
66 2688 116 2751 est,
137 2680 218 2756 quasi
242 2677 323 2735 vellet
345 2677 645 2751 innuere,idtant1im
669 2679 704 2737 ab
720 2677 819 2738 Eccle-

34 2758 86 2818 'ure
99 2761 255 2837 provenire;
278 2757 326 2817 sed
342 2768 372 2817 ut
392 2758 529 2832 ostendat,
549 2757 778 2818 cousuetudinem
790 2768 820 2817 et

34 2861 55 2898 es
67 2844 108 2898 ita
121 2861 182 2897 csse
196 2843 385 2918 interpretatas
399 2839 521 2898 divinum
545 2838 614 2899 illud
629 2847 798 2919 preceptum
810 2861 817 2898 ε

34 2929 106 2981 utem
114 2927 240 2998 serpsum
250 2922 346 2992 bomo,
360 2916 415 2977 dte.
426 2920 510 3000 idque
520 2925 554 2979 ed
565 2922 753 2998 magisverum
764 2930 816 2991 est,

34 3002 144 3061 testulus
167 3006 241 3080 prius
265 3002 375 3061 dixerat
400 3002 425 3060 l.
450 3002 485 3060 ad
501 3000 568 3063 Cor.
586 3021 646 3080 cup.
664 2999 710 3059 ll.
726 3022 751 3058 v.
767 3001 817 3061 2³.

34 3087 65 3141 'm
93 3085 192 3161 accepi
213 3086 232 3142 ri
260 3083 399 3154 Domino,
429 3083 508 3160 quod
534 3093 561 3140 et
583 3082 694 3141 tradidi
716 3083 816 3149 vobe'c,·

44 3175 137 3223 autem
162 3174 329 3242 praeceptum
349 3162 409 3222 boc
431 3162 561 3223 tradidit:
577 3184 652 3243 ergo,
674 3161 746 3221 &cs
772 3163 817 3222 Ita

34 3246 142 3304 boribus
159 3245 325 3304 Benedictus
338 3243 425 3306 XlV.
524 3296 526 3301 .

34 3341 81 3384 um
95 3329 210 3387 dicitur:
238 3328 377 3386 Conscius
395 3331 516 3405 peccati
527 3324 669 3394 mortalis,
691 3322 746 3383 lmc'
759 3345 815 3384 non

34 3409 117 3467 lautia
138 3409 228 3468 solum
252 3418 334 3481 certa,
354 3407 402 3465 scd
431 3416 471 3466 et.
478 3405 614 3487 probabili
627 3407 701 3464 venit
713 3405 815 3466 intelli·

53 3496 117 3548 crim
132 3492 217 3548 etiam
231 3489 293 3548 baec
320 3492 356 3547 sit
369 3489 539 3547 conscientia
552 3487 669 3567 peccati,
690 3495 719 3545 et
731 3491 814 3546 susci·

34 3578 176 3650 exponeret
190 3570 312 3649 periculo
321 3568 487 3649 profanandi
501 3571 726 3631 Sacramentum.
