2130 3990
262 202 304 245 aa
324 199 591 247 sacramencum
614 199 752 243 cannae.
921 183 978 243 105

54 346 127 431 maii,
148 344 453 436 nullaapparat'ratio,
473 346 531 427 qud
549 346 676 407 absoluta
698 342 978 427 impruhentreiters·

53 426 191 487 bilitsten'r
205 423 532 507 contradnahaptistas.-
666 482 669 487 ,
797 426 819 459 *¹

88 510 148 568 Dic
160 508 299 588 speciales
312 512 429 569 rationes
442 514 471 568 et
483 506 579 567 officia
592 507 758 567 characteris
772 505 917 585 cujusque.

87 589 144 648 lv.
181 590 218 649 R„
253 589 290 646 1⁰·
326 590 382 649 Per
409 590 585 668 Baptismnm
611 589 783 647 constituitur
802 588 866 666 quis
884 604 976 656 servus

49 669 167 741 Christi,
177 690 214 729 ac
225 670 395 731 domesticus
407 669 467 748 ejus
477 672 628 738 Ecclesiam
639 670 796 748 accipitque
808 676 975 747 potestatem

49 754 202 891 ppasivam,
222 754 378 831 qud'capax
391 751 516 811 redditur
527 750 565 810 ad
577 752 633 809 alia
646 754 828 815 Sacramenta
844 748 935 808 aalide
947 754 977 805 et

90 832 192 891 ctuosi
214 832 406 911 suscipienda:
429 839 462 893 et¹
480 833 549 891 hinc
573 831 674 891 dicitur
698 830 856 909 Baptismus
875 830 976 889 Jnnua

49 910 179 973 aliorum
204 911 465 972 sacramentorum.
508 913 676 972 charactera
700 915 763 970 vend
788 911 976 990 baptizatusri

50 1012 104 1053 non
119 994 157 1052 ha
178 996 269 1053 ficato
282 994 468 1071 distinguitur.

86 1072 130 1133 Vz
183 1116 188 1125 ·
221 1074 538 1135 Perconfirmatioaem
551 1076 699 1134 assumitur
710 1074 777 1153 quis
795 1070 833 1133 ad
846 1070 975 1131 mditiam

49 1154 168 1228 cnut,
186 1157 348 1235 accipitque
362 1162 536 1295 AEctastatam
554 1158 657 1235 partim
669 1156 802 1229 anticam,
821 1151 977 1213 adchristi

49 1235 264 1297 fidem-strenue
283 1256 322 1296 ax
345 1257 362 1296 o
394 1237 439 1297 cio
459 1235 642 1314 profitendam
656 1240 788 1315 tanquam
801 1232 862 1313 ejus
874 1232 957 1293 miles
965 1256 974 1305 ς

49 1317 152 1397 partim
161 1322 326 1396 wewam,
336 1318 392 1397 qut
400 1315 526 1376 redditur
534 1320 625 1397 aptior
636 1316 783 1411 adeamus
792 1317 977 1413 Qramspta

51 1396 195 1477 (quamvis
208 1397 332 1478 alioquin
345 1397 447 1466 aalide,
469 1405 497 1457 et
510 1399 595 1457 etiam
608 1396 737 1479 quaedam
748 1396 846 1475 herta)
861 1414 974 1475 suscpi-

50 1478 132 1539 snda.
175 1478 345 1541 charactere
365 1487 461 1539 autem
481 1498 533 1538 suo
553 1483 642 1539 anon
657 1478 975 1555 confirmetodistingui·

52 1572 99 1621 tur.

88 1639 259 1701 Notandum
281 1660 346 1701 curn
372 1640 550 1712 Bellarminu,
570 1638 646 1717 quod
664 1638 808 1715 character
821 1639 975 1699 Confirma-

54 1722 136 1783 tiunis
145 1724 184 1781 sit
197 1722 382 1803 principalius
395 1724 500 1781 activus
513 1722 598 1800 quim
611 1723 753 1799 passivum
774 1722 839 1781 crim
853 1722 914 1781 siue
927 1720 975 1779 iliu

56 1802 208 1861 subsistant
218 1803 324 1883 reliqna
335 1807 528 1864 Sacramenta.

91 1882 151 1943 VI.
170 1883 215 1941 3⁰·
237 1883 291 1944 Par
305 1885 442 1944 Ordinem
454 1883 630 1943 constituitur
643 1884 707 1963 quis
720 1882 791 1942 Dux
803 1883 832 1940 in
847 1880 975 1941 Ecclesia

57 1962 163 2027 Christi.
188 1970 218 2024 et
231 1967 509 2047 accipitpotestatem
522 1967 647 2023 actionus
660 1961 827 2023 conficiendi
837 1978 871 2021 ac
882 1963 976 2022 minis·

56 2044 143 2105 tandi
156 2045 347 2119 Sacramenta,
369 2046 409 2105 vel
424 2049 544 2104 circaea
556 2045 687 2123 proxim'c
701 2043 744 2103 vel
760 2043 867 2102 carnote
880 2044 973 2101 minis·

56 2125 143 2186 dandi
155 2148 162 2184 z
174 2136 206 2185 et
217 2127 267 2186 illo
280 2127 442 2187 charactere
453 2126 654 2203 distinguiturd
666 2145 723 2184 non
737 2124 862 2185 ordinato
872 2144 879 2179 ε
891 2126 974 2183 sicuti

57 2217 147 2266 autem
172 2208 284 2267 ordines
308 2227 341 2267 ac
366 2225 462 2266 eorum
486 2215 634 2285 potestates
655 2206 867 2284 distinguuntur,
887 2207 974 2271 itaet

53 2289 235 2347 characteres.

89 2368 261 2428 Notandum
282 2371 385 2448 itaque,
405 2367 482 2448 quud
496 2366 647 2427 ¹character
666 2368 795 2447 proxime
820 2378 849 2425 et
867 2366 973 2427 directe

52 2468 103 2509 nun
118 2448 253 2529 disponat
265 2450 302 2509 ad
316 2451 454 2518 Gratiam,
473 2448 522 2508 scd
535 2448 662 2509 adactus
676 2447 761 2509 divini
774 2448 883 2507 cultris:
905 2447 972 2509 dum

50 2548 113 2608 ergo
127 2530 243 2590 dicits,
258 2531 317 2590 Th.
340 2541 393 2591 art.
416 2535 447 2590 4.
468 2530 506 2589 ad
529 2532 554 2586 l.
586 2533 606 2564 “
620 2531 669 2589 Ex
682 2530 865 2610 consequenti
882 2527 973 2589 diviua

50 2615 69 2643 “
83 2611 220 2690 Largitas
244 2613 439 2692 recipientibus
463 2611 646 2670 characterem
667 2611 783 2689 largitur
803 2609 933 2669 Gratiam
944 2609 972 2680 ;?'

49 2712 103 2751 non
128 2692 199 2761 vult,
225 2692 412 2752 characterem
434 2712 493 2751 esse
506 2693 679 2752 Sacramenti
692 2691 822 2752 effectum
835 2692 972 2770 principa·

48 2773 120 2845 lem;
145 2773 278 2832 Gratiam
288 2779 349 2832 vend
368 2774 466 2853 (quam
480 2773 554 2831 dixit
563 2773 693 2831 effectum
703 2771 879 2852 principalem
892 2773 972 2831 initio

49 2862 144 2930 quaest
161 2852 229 2932 62.)
243 2875 302 2914 esse
316 2855 526 2923 secundarium
552 2855 600 2913 sed
616 2859 724 2912 tantum
738 2851 892 2929 vult-quod
906 2850 973 2911 cha·

48 2944 139 2995 racter
161 2936 325 2996 immediate
339 2936 479 2995 ordinetur
491 2936 528 2994 ad
542 2944 620 2995 actus
632 2934 716 2993 divini
727 2932 832 3001 cultris;
847 2933 884 2994 ad
899 2931 972 2993 Gra-

48 3019 119 3075 tiam
128 3020 197 3075 vcro
207 3018 282 3095 (quae
294 3017 373 3077 datur
384 3017 419 3075 ad
427 3018 491 3076 iilos
501 3027 581 3078 actus
589 3016 661 3075 hena
674 3013 861 3093 exercendos)
880 3014 972 3073 solinu

47 3116 84 3155 ex
96 3102 298 3176 consequenti:
325 3098 400 3157 unde
413 3098 507 3158 addit:
540 3104 560 3134 ⁴‘
574 3099 627 3159 Per
640 3117 725 3177 quam
739 3096 823 3175 digne
836 3098 972 3175 impleant

47 3198 89 3249 es,
106 3177 142 3238 ad
160 3198 223 3258 qute
237 3178 414 3258 deputantur,
436 3177 510 3256 &eff
961 3218 965 3224 ·
