2130 3990
99 178 160 242 ³74
476 188 659 238 ruaururus

140 340 196 401 IX.
218 341 350 399 Similiter
369 341 525 417 impretatio
547 341 662 399 aliorum
684 341 827 400 bonorum
850 340 1029 419 spiritualium,

98 446 128 485 v.
143 445 171 502 g.
185 424 327 502 augmenti
341 423 450 502 gratiae,
471 424 567 500 gloriae
581 432 705 494 aeterum,
719 444 778 481 non
794 431 934 482 causatiu-
947 426 1029 487 infalli-

99 507 201 575 biliter;
224 505 289 582 quia
309 526 385 581 saepe
399 512 493 582 potest
515 524 578 563 esse
595 505 671 562 obex
685 525 723 562 ex
738 513 823 583 parte
838 504 973 583 subjecti:
990 528 1032 567 noe

100 586 276 646 infallibiliter
298 586 457 646 obtinentur
478 586 551 644 bona
569 583 743 664 temporalia3
771 586 844 664 quia
864 606 924 644 nou
937 607 1033 666 semper

100 668 255 746 expediunt
273 668 453 727 adsalutem:
474 666 550 725 recte
563 674 655 725 tamon
675 667 730 725 dici
744 676 855 746 potest,
872 666 1033 729 Sacrificium

102 750 201 807 Missae
215 748 317 806 habere
330 749 404 806 illam
416 749 585 807 infallibilem
599 748 752 807 efficaciam
770 770 827 827 per
840 750 959 807 modum
979 771 1032 809 ouu-

100 851 140 889 uao
155 829 349 907 impetratoriae
364 850 470 902 eorum,
491 850 552 907 quac
567 830 596 887 in
609 831 719 888 nomine
744 830 859 887 Christi
872 830 976 891 debite
992 854 1032 910 pe·

100 922 203 983 buntur,
225 911 305 969 sicuti
315 912 396 969 datur
409 912 497 971 oratio
510 911 686 970 infallibiliter
698 910 906 988 impetratoria.

141 993 180 1050 X.
201 992 250 1049 Ex
263 993 306 1050 his
320 993 487 1053 sufficienter
498 1000 585 1071 patet,
602 994 677 1071 quod
689 992 849 1052 Christiani
863 994 928 1071 plus
941 994 1031 1055 utilitu-

99 1076 135 1133 tis
157 1074 287 1144 habeant,
315 1075 339 1131 si
353 1084 513 1152 cureutpro
537 1075 635 1151 seipsis
658 1074 729 1132 vivis
755 1074 870 1135 Missas
899 1076 1031 1146 celebrari,

99 1157 184 1234 quim
197 1175 247 1233 pro
261 1154 360 1231 seipsis
373 1157 505 1225 mortuis;
526 1157 591 1232 quis
604 1156 840 1215 considerandum
855 1162 911 1227 est,
930 1177 979 1234 per
988 1157 1030 1217 Se

98 1236 230 1295 orificium
252 1237 311 1293 dari
338 1238 442 1315 gratim
465 1237 638 1295 necessa-ias
661 1238 697 1294 ad
722 1238 977 1314 perseverandum,
993 1242 1029 1299 vul

99 1318 197 1395 quibus
207 1316 318 1394 spiritus
331 1319 501 1394 poenitentiae
515 1318 681 1389 obtineatur,
705 1317 839 1395 siquibus
857 1318 929 1376 felix
943 1321 986 1377 vel
995 1320 1029 1377 iu·

98 1401 164 1458 felix
178 1399 316 1475 dependet
327 1400 486 1469 aetemitas;
511 1399 577 1477 quid
595 1401 668 1457 enim
675 1397 796 1477 juvabit,
817 1400 897 1476 qudd
911 1401 1026 1461 ordinent

98 1502 150 1558 pro
163 1501 194 1539 se
214 1480 270 1558 legi
280 1488 399 1538 centena
411 1482 503 1558 aliqua
516 1482 603 1537 Sacra
616 1487 823 1557 postmortem,
844 1487 878 1537 ut
889 1481 1026 1542 liberentur

98 1584 137 1621 ex
146 1562 316 1649 purgatorio,
339 1561 375 1620 ad
388 1564 462 1640 quod
475 1561 590 1700 fppsitan
599 1582 739 1638 nunquam
752 1562 917 1621 devenient.

140 1646 174 1703 ln
188 1662 244 1721 quo
258 1644 425 1702 conveniunt
444 1651 474 1701 et
508 1644 701 1701 isconveniunt
717 1644 811 1721 quoad
830 1642 966 1703 effecum
985 1646 1024 1703 iu-

99 1724 259 1804 petrationis
273 1724 361 1782 oratio
372 1732 401 1783 et
410 1725 462 1782 hoc
476 1722 671 1782 Sacrificium?

140 1806 195 1865 XI.
217 1805 254 1862 R.
272 1804 312 1861 1⁰·
334 1805 557 1864 Discouveniunt
569 1806 598 1862 in
611 1824 655 1876 eo,
671 1804 745 1882 qudd
758 1804 851 1863 oratio
867 1800 927 1862 u'ou
940 1805 1023 1863 sitin-

98 1887 248 1966 petratoriu
271 1886 323 1943 uisi
338 1907 375 1945 ex
390 1907 474 1964 opere
495 1887 650 1964 operantis;
669 1887 722 1943 hoc
746 1893 843 1944 autem
861 1886 1024 1947 Sacrificium

97 1972 133 2029 sit
151 1968 368 2045 impetratorium
395 1989 432 2026 ex
451 1988 534 2045 opere
553 1976 676 2045 operato,
699 1968 743 2025 vol
768 1968 870 2025 saltem
894 1969 975 2048 quasi
995 1990 1023 2028 ex

99 2072 183 2128 opero
193 2056 317 2126 operam,
334 2050 452 2127 ideoque
462 2051 548 2107 multb
561 2049 666 2107 facilius
678 2057 706 2107 et
720 2049 873 2114 efficacius,

140 2133 255 2190 Dictum
266 2143 309 2188 est
316 2153 323 2201 ;
339 2131 371 2187 V
366 2132 396 2190 el
400 2132 503 2190 collem
514 2153 549 2191 ea
557 2151 643 2209 opere
656 2139 792 2208 operula·
803 2131 871 2207 quia
880 2132 1023 2189 secundum

97 2216 188 2291 plures
200 2213 314 2270 effectus
328 2215 494 2290 temporales
504 2233 560 2270 non
573 2214 753 2289 impetrantur
769 2212 883 2289 proprie
895 2233 935 2270 ex
948 2233 1021 2289 opere

97 2304 220 2371 operato,
242 2314 294 2351 nec
309 2296 392 2351 etium
411 2294 522 2371 proprie
543 2313 579 2350 ex
594 2294 741 2351 devotione
765 2292 901 2365 Ministri‚
923 2296 973 2352 sed
991 2315 1023 2355 ex

97 2378 229 2454 dignitate
239 2375 280 2431 rei
290 2375 389 2433 oblatae
404 2384 432 2434 et
445 2376 603 2453 principalis
616 2375 756 2432 offerentis
772 2374 895 2433 Christo.

135 2459 179 2513 2⁰·
198 2459 232 2515 In
251 2457 450 2514 conditionibus
471 2457 618 2513 infallibilis
632 2456 831 2532 impetrationis
852 2456 954 2532 partim
965 2476 1022 2513 con·

96 2540 211 2598 veniunt
233 2544 262 2594 et
274 2538 374 2614 partim
392 2539 616 2596 disconveniunt:
638 2557 689 2613 pro
709 2557 764 2613 quo
777 2538 943 2608 notandum,
958 2538 1024 2614 quod

96 2622 266 2678 conditiones
290 2620 420 2677 orationis
444 2619 619 2677 infallibiliter
636 2618 843 2694 impetratoriae,
873 2619 1023 2695 dequibus

98 2704 184 2762 Num.
199 2700 243 2761 60.
256 2702 292 2759 de
305 2700 475 2779 Religt'one,
490 2701 544 2758 sint
557 2708 684 2778 quatuor,
698 2699 826 2756 nimirum
839 2706 871 2757 ut
883 2699 948 2777 quis
954 2708 1026 2777 petat

95 2806 146 2861 pro
157 2806 198 2855 se,
223 2782 281 2858 pie,
306 2791 517 2859 perseveranter
537 2791 566 2839 et
584 2780 751 2852 necessaria,
773 2781 818 2837 vel
835 2782 938 2839 saltem
954 2781 1024 2839 utilia

95 2867 275 2924 adsalutem:
301 2884 339 2921 ex
352 2865 452 2942 quibus
465 2863 554 2941 prima
567 2863 686 2920 conditio
696 2882 751 2919 non
765 2868 809 2918 est
824 2861 908 2940 hujus
919 2860 1024 2920 Sacrifi-

95 2949 139 3018 cii,
164 2947 239 3023 quod
253 2965 289 3002 ox
299 2967 350 3003 sua
369 2946 538 3004 institutione
555 2951 599 3003 est
614 2943 832 3022 propitiatorium
846 2952 875 3001 et
898 2945 1024 3021 impetra·

96 3030 197 3088 terium
208 3046 259 3102 pro
271 3044 301 3081 se
315 3035 344 3083 ct
354 3047 403 3103 pro
414 3026 483 3084 aliie.

138 3110 238 3186 Neque
262 3110 385 3164 secunda
398 3109 518 3165 conditio
532 3115 577 3166 est
594 3105 726 3164 Sacrificii
734 3126 771 3163 ex
784 3116 864 3182 parte
878 3104 1025 3177 offerentis,

95 3193 182 3250 sedin
194 3210 228 3247 eo
243 3189 397 3246 continetur
414 3189 628 3247 eminentissime
649 3209 687 3246 ex
701 3196 779 3264 parte
800 3186 906 3245 Christi
927 3184 1024 3263 princi·

94 3275 165 3351 pulis
181 3270 319 3328 offerentis
331 3278 359 3328 et
371 3270 481 3327 Hostiae
498 3269 648 3339 Sacrificii3
673 3290 710 3327 ex
723 3275 802 3346 parte
815 3274 910 3325 tamen
924 3287 1024 3337 eorum,

95 3356 140 3432 qui
159 3355 194 3411 de
213 3350 286 3408 illius
306 3352 397 3409 fructu
417 3351 590 3428 participant,
614 3351 770 3428 requiritur,
795 3357 827 3407 ut
843 3348 1025 3426 impetratioui

93 3457 148 3494 non
159 3436 269 3492 obstent
281 3434 359 3492 obice
369 3433 546 3511 indignitatis.

137 3517 235 3574 Tertia
248 3516 368 3573 conditio
385 3516 468 3573 etiem
481 3516 525 3572 hic
541 3517 633 3573 locum
653 3514 754 3586 babet;
774 3514 849 3571 unde
863 3513 1024 3590 quaudoque

95 3620 145 3677 pro
157 3600 253 3659 eadem
268 3617 298 3658 ro
308 3598 480 3676 impetranda
490 3597 592 3676 saepius
606 3598 658 3656 hoo
669 3595 840 3656 Sacrificium
850 3595 972 3654 offertm.
