2130 3990
428 122 472 168 n!
490 120 653 167 musmo.
940 98 986 159 to

212 350 254 413 rr.
276 352 323 410 ss.
345 346 405 411 nn
425 348 641 411 strumoso
658 318 871 409 mortens.
915 306 920 315 ⁴

127 622 130 627 .
192 512 337 616 autom
352 562 448 635 quest.
462 554 511 616 ss.
524 560 582 615 arr.
599 552 627 615 1.
641 556 670 614 s.
684 552 714 613 e.
725 556 755 613 4.
769 552 799 612 s.
815 548 883 612 ete.

66 736 103 801 -1·.-
118 736 264 800 Mtaiater
277 740 445 799 ordioon'us
456 736 649 799 solemnitatis
662 745 707 797 eet
721 735 876 797 Sacerdos.
905 732 947 796 11.
962 732 1005 795 Et

112 820 576 881 mtsmnttato·entroorotom·us
588 825 632 878 est
646 819 813 879 Menona.
843 814 900 876 111.
922 808 1004 876 Dura

69 940 73 945 -
113 920 219 981 nempe
228 904 258 961 ln
270 902 443 963 necessitato
455 903 652 963 committitur.
681 898 737 959 lv.
750 898 893 959 Minister
904 915 1003 959 neees-

112 987 219 1045 sitnte‘s
229 991 276 1043 ost
289 985 383 1043 omnis
394 983 489 1042 tomo.

104 1165 267 1306 {tamum
281 1172 327 1247 est,
335 1164 468 1224 Minister
481 1165 655 1249 Sacramenti
664 1162 814 1245 Baptismi,
822 1161 1003 1229 secundarius

72 1248 199 1309 'sevam
648 1288 652 1295 ·
763 1266 766 1273 ·
831 1268 835 1277 ·

10 1394 13 1401 ¹
115 1326 155 1387 R}
178 1326 261 1386 Alius
281 1335 326 1386 eet
345 1327 481 1386 Minister
501 1326 691 1397 solemnitatis,
718 1325 793 1384 alius
814 1325 1001 1397 nenessitntis;

10 1426 16 1465 r
72 1407 450 1469 illeantem·estordinerius
463 1406 505 1466 vel
519 1405 762 1466 extraordinarius.
811 1405 892 1465 Alios
911 1405 1003 1465 valide

10 1507 21 1567 t
74 1498 103 1549 'et
123 1488 203 1549 licite
228 1491 372 1559 ministrat,
393 1488 466 1547 alius
488 1487 583 1548 valide
605 1487 656 1547 sed
678 1487 785 1548 illiciet.
826 1487 884 1547 His
898 1489 1002 1567 positia,

10 1582 22 1637 t,
77 1578 217 1651 ponuntur
227 1580 376 1650 sequentes
389 1568 590 1629 conclusiones.
729 1575 732 1579 ’

10 1641 27 1717 i
115 1654 158 1710 1⁰·
179 1652 327 1720 Quantum
353 1651 391 1710 ad
411 1650 549 1729 Baptismi
570 1650 690 1709 valorem
714 1648 845 1708 Minister
863 1647 1003 1709 sufficiens

20 1722 26 1741 ¹
78 1733 221 1791 antemnis
234 1732 318 1791 homo
331 1734 424 1805 viator,
433 1744 514 1790 utens
528 1733 641 1800 ratione,
653 1750 745 1809 enpax
757 1729 876 1809 proferre
884 1730 1003 1790 formam

10 1830 17 1865 t
77 1812 248 1874 etadhibere
260 1817 423 1871 materiam:
443 1817 511 1870 ratio
525 1812 683 1892 principalis
697 1822 739 1870 est
752 1813 881 1870 voluntas
896 1811 1002 1870 Christi

10 1938 12 1945 =
74 1894 152 1959 ¹eteritis
163 1912 216 1973 per
226 1894 417 1962 traditionem,
431 1897 540 1972 praxim
550 1894 746 1953 etdoetrinnm
757 1891 895 1951 Ecclesia
912 1895 1002 1951 mani·

11 2054 16 2062 Ι
76 1972 188 2035 motata-
235 1976 322 2035 Ratio
336 1978 523 2053 oongruentise
536 1983 578 2032 est
591 1976 718 2033 maxime
731 1972 813 2052 hujus
825 1974 1002 2033 Sacramenti

75 2059 235 2125 nenessitas.

10 2131 34 2207 &i
114 2138 140 2196 1.
157 2136 203 2193 2⁰·
229 2138 362 2196 Minister
385 2139 569 2197 solemnitatis
592 2135 744 2207 ordinarius
766 2145 809 2194 est
826 2135 961 2195 Sacerdos
976 2137 1003 2195 vi

73 2300 212 2379 privatim,
238 2302 387 2378 potestati,
411 2300 465 2358 nisi
478 2319 543 2356 oum
559 2297 638 2355 venia
650 2296 693 2355 vel
703 2296 912 2377 jurisdictione:
934 2290 1001 2357 irino

72 2382 112 2439 nit
125 2380 242 2439 Rituale
254 2380 415 2438 Romanum
428 2402 434 2437 :
465 2386 484 2412 “
499 2380 653 2456 legitimus
667 2378 805 2460 Baptismi
818 2377 947 2438 Minister
960 2390 1002 2438 est

10 2464 17 2477 “
75 2460 229 2536 Paroehus,
250 2461 295 2518 vel
316 2460 386 2518 alius
401 2461 538 2519 Sacerdos
552 2462 570 2517 a
586 2460 713 2519 Parooho
727 2460 769 2519 vel
784 2460 933 2519 Ordinario
947 2462 1001 2520 loci

10 2536 29 2619 'l
73 2542 227 2621 delegatus.
270 2541 311 2599 Et
324 2542 469 2600 Pastorale
483 2551 624 2599 nostrum:
641 2541 704 2618 jure
717 2562 767 2600 suo
782 2541 879 2600 datum
895 2549 937 2600 est
950 2544 999 2599 Sa-

15 2628 25 2685 ³.
73 2624 231 2683 cerdonibus
250 2622 402 2702 baptisare,
422 2623 470 2680 sed
496 2622 525 2681 id
547 2625 576 2680 in
590 2621 682 2681 aliena
695 2621 845 2693 Parochia,
864 2620 919 2683 dte.
941 2643 998 2681 non

10 2688 25 2775 i
65 2702 139 2789 'lieet
160 2705 276 2784 exequi,
297 2706 353 2762 nisi
374 2704 408 2761 de
431 2703 706 2763 Paroehilicentia.'’
749 2705 819 2762 Non
838 2712 930 2763 temen
952 2704 1000 2761 hie

10 2782 22 2825 ³
72 2788 219 2864 requiritur
239 2786 352 2844 lieentia
373 2804 515 2864 expressa,
537 2784 585 2842 sed
606 2782 710 2842 suffieit
729 2786 824 2856 tacita,
842 2786 900 2843 imd
913 2792 943 2841 et
955 2802 999 2843 ra·

10 2870 19 2907 l
65 2867 244 2926 'tinnabiliter
268 2877 441 2945 transsumpta,
473 2887 499 2922 v.
526 2885 554 2941 g.
575 2868 598 2923 si
624 2866 715 2943 proles
741 2868 838 2942 ignota
859 2863 1000 2927 deferatur

13 2916 18 2985 i
72 2947 251 3027 baptizanda,
272 2956 302 3004 et
316 2946 471 3005 deferentes
483 2946 572 3005 nolint
585 2944 771 3013 manifestare,
789 2946 864 3007 unde
876 2956 907 3004 et
918 2946 999 3023 eujus

11 3028 16 3097 ἶ
72 3032 117 3101 sit,
137 3029 221 3087 debet
244 3039 313 3085 tuno
335 3048 372 3086 ex
387 3037 555 3105 praesumpta
568 3029 681 3086 licentia
695 3027 841 3106 baptizari,
861 3046 897 3085 ne
909 3027 999 3102 protos

10 3122 12 3193 j
72 3108 144 3168 forte
157 3110 220 3168 sinis
236 3109 380 3188 Baptismo
391 3111 541 3179 nuntiatum
556 3109 604 3167 sed
614 3128 694 3166 ensus
704 3111 731 3166 in
742 3112 857 3186 registro
866 3106 998 3166 distinete

72 3190 250 3249 annotandus
273 3198 325 3263 est,
345 3210 380 3247 ne
401 3189 488 3268 proles
511 3190 550 3247 ibi
574 3190 719 3268 baptizata
741 3198 850 3268 putetur
860 3188 901 3247 ibi
913 3190 998 3249 etiam

72 3281 147 3339 nata,
169 3281 199 3329 et
212 3273 251 3328 ita
265 3280 360 3348 gravet
374 3271 504 3328 Mensam
518 3271 638 3350 Spiritus
652 3274 757 3337 Sancti,
778 3269 817 3327 ad
831 3288 915 3348 quam
929 3270 1000 3329 nulli

73 3356 209 3431 competit
217 3352 265 3430 jue
278 3355 385 3409 rationo
400 3350 541 3431 Baptismi‚
562 3352 611 3410 sed
627 3353 733 3409 ratione
747 3352 907 3410 nativitatis.

112 3432 206 3491 11.30·
215 3432 537 3491 Ministersolemnitetis
546 3431 781 3491 extraordinarius
792 3440 835 3491 est
846 3434 999 3503 Diaoonus,

69 3515 226 3574 seeundum
250 3513 325 3594 quod
347 3516 376 3572 in
399 3513 460 3592 ejus
482 3513 668 3573 Ordinationes
692 3513 810 3571 dieitur:
833 3512 998 3573 Diaconum
1052 3532 1064 3632 Ι

70 3603 184 3675 oportet
206 3599 377 3655 ms'm'atrore
402 3595 443 3653 ad
468 3594 570 3664 ultore,
600 3593 751 3672 baptisare
774 3599 803 3653 et
820 3596 998 3668 predicare:

70 3676 149 3758 quod
162 3679 202 3738 sie
214 3676 388 3756 intelligitur,
404 3685 436 3736 ut
450 3675 592 3736 Diaconos
601 3677 628 3735 vi
645 3675 759 3735 Ordinis
772 3677 814 3737 sui
828 3676 934 3736 habeat
943 3692 1000 3754 pror

10 2214 35 2529 ἐ
73 2236 129 2277 sun
144 2216 358 2288 Ordinationis3
380 2221 427 2296 qui
441 2228 535 2276 tamen
550 2217 604 2275 hac
621 2219 672 2274 sut
685 2223 830 2294 potestate,
851 2216 1001 2296 nequidem
