2130 3990
368 198 410 247 aa
425 194 665 246 rucaauarrouu
941 184 984 247 tc

65 344 198 407 chroma
211 345 305 407 adhuc
317 346 429 419 viverat,
441 346 511 407 illud
521 346 606 407 libore
617 346 779 426 acceptavit,
794 347 890 407 atDeo
904 345 983 406 Pam

63 428 177 504 otalii,
191 436 229 489 ut
240 429 359 508 pretium
371 436 469 488 nostru
481 425 586 488 salutis.
605 466 609 473 ·
664 460 667 467 ·
966 476 969 481 .

412 574 648 679 coronariorum.
707 570 710 575 ⁸

108 746 199 811 Vill.
223 751 439 821 Scaueaurua
464 764 537 810 auno
559 749 697 828 agendum
720 748 864 810 ramora
877 745 985 809 Christi

88 851 119 893 ro
146 831 276 891 omuibus
300 842 329 889 at
341 832 454 910 singulis
474 833 646 902 homiuibus,
666 830 794 893 sederim
808 830 983 910 illaqueatio

65 852 232 991 longissima
253 914 295 978 ait,
316 920 344 970 et
355 913 423 972 satis
442 911 505 972 fuso
520 920 652 973 tractetur
664 917 692 972 iu
706 911 869 992 Appendico
883 912 918 971 ad
932 910 984 969 Sa·

64 1000 243 1052 aramentum
272 993 445 1057 Poeuitoutiae
473 993 515 1053 N.
541 992 613 1053 239:
641 994 706 1053 hinc
729 994 889 1073 pretiositati
915 1001 984 1050 tem-

69 1075 144 1151 porie
169 1072 350 1143 consulentes,
375 1072 411 1133 ad
432 1077 545 1135 citatum
559 1075 652 1133 locum
667 1076 841 1145 remittimus,
861 1082 891 1132 et
903 1071 991 1133 simul.

69 1156 158 1212 etiam
171 1154 209 1213 ad
222 1155 318 1213 Tract.
332 1154 369 1213 de
384 1156 455 1224 Deo,
470 1154 519 1212 ubi
532 1158 622 1232 agitur
634 1155 671 1216 da
682 1155 824 1217 voluntate
839 1155 895 1215 Dei
907 1160 984 1213 aute·

68 1232 189 1293 cedente
201 1246 296 1294 omues
309 1235 433 1294 homines
446 1237 576 1296 salvandi.

68 1416 73 1423 ·
114 1396 157 1454 N.
177 1393 227 1455 21.
252 1396 308 1456 DE
328 1396 575 1465 PRAEcuPrrs
598 1396 789 1457 CHRISTO
809 1395 945 1457 uetula.
968 1448 973 1458 ,

74 1556 98 1615 Ι.
122 1556 257 1617 Okriatua
270 1557 340 1638 sirit
358 1558 505 1639 aumcctua
525 1560 590 1636 legi
599 1568 709 1620 eternae
721 1565 750 1619 ct
763 1556 904 1619 naturali.
922 1608 925 1612 .
944 1557 985 1616 lu

112 1636 163 1697 Et·
170 1640 311 1716 positivis
328 1644 486 1718 praeceptio
506 1640 619 1701 Patria
660 1640 718 1700 111.
745 1638 783 1700 Ut
795 1644 832 1700 de
845 1646 935 1699 morte
954 1638 985 1695 iu

115 1719 220 1792 Cauca,
239 1722 290 1795 tre.
334 1720 385 1779 lV.
415 1720 483 1780 Non
510 1731 608 1780 tamen
636 1720 703 1795 legi
726 1725 823 1781 ueteri.
864 1719 902 1779 V.
924 1718 987 1778 Nn

109 1800 271 1878 taginone.
311 1801 365 1861 Vl.
380 1801 445 1862 Nec
459 1802 571 1881 leguas
583 1803 732 1864 kumaaic.

111 1964 161 2022 Au
176 1956 289 2041 Christo
301 1961 368 2022 data
380 1970 444 2020 sunt
452 1960 577 2040 quadam
590 1960 753 2042 praeopta?

115 2045 139 2102 1.
153 2044 194 2103 R.
208 2042 393 2114 Affirmativie,
422 2044 528 2103 scilicet
547 2048 683 2125 quatenus
698 2045 821 2105 Christus
835 2052 876 2103 eat
889 2044 991 2104 homo..

78 2128 115 2181 Υ·
131 2125 265 2205 Namque
291 2125 431 2204 aubjectus
457 2122 510 2185 suit
522 2125 577 2204 legi
591 2125 707 2183 naturali
720 2135 750 2184 et
772 2135 898 2185 aeternae:
920 2145 990 2184 nam.

76 2206 204 2264 Christus
233 2206 388 2265 secundum
409 2205 560 2265 humanam
584 2213 713 2265 naturam
724 2205 776 2266 fuit
789 2208 879 2265 minor
893 2206 991 2276 Patre,

78 2289 155 2364 eique
182 2286 341 2365 subjectus:
363 2307 426 2366 crgo
441 2289 525 2345 etiam
542 2287 639 2358 debuit
662 2287 762 2365 subjici
775 2286 833 2366 ejus
843 2287 907 2366 legi,
928 2288 989 2344 aiva

76 2370 217 2447 preceptis
229 2369 298 2446 legia
312 2377 420 2427 aeternae
433 2376 462 2424 et
475 2369 618 2427 naturalis.

115 2448 212 2507 11.2⁰·
227 2449 345 2528 Accepit
357 2451 440 2506 otiam
455 2449 581 2524 quadam
596 2456 732 2528 praeopta
745 2451 859 2528 positiva
869 2451 887 2507 a
897 2448 992 2519 Patra,

24 2540 26 2545 '
79 2536 105 2587 ut
118 2532 238 2608 ipsomet
250 2530 385 2606 significat
398 2529 481 2586 Joan.
496 2551 557 2610 cap.
579 2532 623 2589 15.
642 2551 664 2592 r.
683 2531 732 2589 10.
744 2532 854 2590 diceus:
876 2537 895 2562 ⁴‘
908 2530 988 2591 Sicut

76 2619 104 2667 at
114 2630 167 2687 ego
182 2621 321 2690 praccepta
336 2610 422 2668 Patris
436 2614 490 2670 mei
503 2611 635 2671 servavi.’'

114 2690 162 2827 Ap
196 2692 321 2750 Christus
353 2690 450 2749 habuit
482 2693 536 2752 talo
562 2701 730 2772 preceptum
755 2691 891 2753 subeundi
917 2709 986 2752 mot-

77 2779 128 2829 tom

115 2851 173 2910 ill.
192 2852 230 2913 R.
258 2851 382 2921 Quidam
403 2862 513 2930 urgant,
537 2852 645 2913 Christo
657 2853 740 2915 fuisso
754 2853 849 2913 datum
863 2856 987 2913 strictum

75 2941 254 3012 preceptum,
267 2933 317 2992 aed
331 2933 414 2991 luisse
433 2955 539 2993 merum
554 2936 716 2996 consilium:
737 2937 830 2994 varum
845 2944 910 2994 tunc
924 2934 986 2993 nul-

74 3015 184 3072 latcnus
204 3033 240 3072 ex
255 3013 410 3073 obediontia
432 3016 528 3074 fuisset
541 3026 670 3076 mortuus.
711 3017 764 3076 Alii
778 3017 885 3090 dicunt,
903 3015 986 3075 luiaaa

74 3095 239 3173 impositum
254 3106 420 3174 praeceptum
434 3097 470 3154 da
491 3107 579 3154 morte
591 3095 736 3156 subeunda
758 3098 849 3175 quoad
861 3098 984 3157 substau-

74 3177 145 3232 tiam
161 3174 282 3241 tantum,
303 3196 358 3234 nou
373 3177 462 3252 quoad
478 3181 577 3236 mortis
588 3181 815 3237 circumstantias.

117 3255 218 3313 Verius
247 3256 338 3314 tamen
366 3257 474 3323 dicitur,
494 3266 523 3316 ot
549 3259 715 3318 conformius
737 3259 892 3337 Scripturia,
912 3258 987 3337 qued

75 3336 191 3394 Christo
207 3336 290 3399 luerit
305 3336 398 3394 datum
415 3341 565 3415 rigorosum
580 3350 745 3419 praeceptum
761 3339 796 3397 de
809 3349 895 3398 morta
908 3339 986 3398 subc·

76 3416 152 3474 unda
167 3438 222 3475 uon
235 3418 322 3475 solum
336 3419 429 3495 quoad
443 3419 638 3488 substantiam,
655 3422 704 3479 sed
725 3422 809 3477 etiam
824 3420 914 3499 quoad
929 3440 987 3478 orm

73 3518 125 3555 nes
153 3496 216 3574 ejus
239 3500 474 3558 circumstantias:
496 3511 524 3559 et
550 3502 579 3560 id
600 3503 694 3580 oporte
719 3502 811 3577 colligi
832 3502 938 3560 videtur
950 3520 987 3557 ax

75 3577 216 3654 Apostolo
234 3579 270 3636 ad
290 3579 389 3658 Philip.
405 3601 428 3637 c.
444 3580 473 3638 2.
489 3601 511 3641 v.
528 3581 557 3639 8.
600 3586 618 3615 “
634 3581 801 3640 Humiliovit
813 3585 990 3659 semetipsum

70 3656 168 3718 factus
182 3657 314 3717 obediens
331 3680 415 3739 usqua
429 3661 463 3718 ad
482 3673 603 3736 mortem,
617 3672 732 3722 mortem
746 3672 841 3723 autom
851 3657 977 3732 erucis:

109 3739 166 3799 An
179 3737 308 3801 Christus
321 3740 373 3804 luit
384 3741 523 3821 subjectus
536 3742 590 3823 legi
603 3745 708 3807 veteri?
