2130 3990
122 205 184 268 ets
449 226 452 231 ·
492 222 691 268 ruminus.

165 369 248 426 Certd
270 367 393 428 invalida
420 368 491 430 foret
504 371 684 438 consecratio,
710 371 734 427 si
756 368 819 429 loco
848 369 905 428 linc
918 367 1043 432 diceretur

124 451 174 509 iic
200 448 407 510 adverbialiter:
430 455 496 530 qnia
508 452 579 511 lieet
591 454 619 510 in
648 469 713 509 casu
725 449 897 528 significetur
909 452 1044 532 proesentis

124 532 256 608 Corporis
271 530 384 605 Christi,
399 540 560 592 nontamen
576 531 934 612 ipsaTransubstnntiatio.
1059 542 1061 547 '

164 614 196 670 Si
219 615 282 670 vern
304 616 367 693 quis
389 632 438 693 per
460 617 646 693 ignorantiam
670 623 721 671 eut
741 613 978 671 inadvertentiam
991 613 1044 673 loeo

124 692 179 751 hoc
206 691 310 751 diceret
328 695 380 754 lrie
403 698 430 753 in
447 695 611 768 masculino,
631 695 735 752 valeret
761 692 967 753 Consecratio:
989 696 1042 772 quis

124 772 190 833 licet
213 784 343 852 peccetur
367 785 463 834 contm
485 776 678 842 Latinitatem,
701 795 755 833 non
775 777 1038 854 imponatnrtene

123 874 219 914 sensus
232 855 450 916 substantialiter
476 857 598 916 diversus
621 857 657 915 eb
671 856 730 929 illo,
751 874 836 934 quem
851 856 1037 919 habentverh
1055 918 1059 931 1

126 935 197 993 bene
224 936 339 1014 prolate.
383 939 462 998 idem
478 938 559 1011 toret,
579 938 681 1018 siquis
703 937 752 997 tali
769 936 853 997 modo
867 935 977 995 diceret
987 955 1033 1017 ng.

125 1016 195 1076 Hoc
208 1023 253 1074 est
266 1017 379 1097 Corpus
392 1039 484 1079 mens.
996 1014 1000 1025 ’

166 1096 222 1156 111.
241 1097 368 1159 Verbum
393 1109 439 1159 est
452 1101 538 1166 debet
557 1101 631 1160 sumi
656 1099 764 1180 proprie
778 1099 957 1178 significans,
976 1116 1032 1157 con·
1052 1146 1055 1155 r

123 1178 201 1256 pletis
229 1183 457 1258 pronuntiatione
480 1182 631 1246 verborum.
654 1179 831 1239 identitatem
853 1178 1031 1257 subjectione
1055 1243 1057 1252 ,

123 1258 282 1338 predicato,
305 1263 432 1343 adeoque
442 1263 503 1321 sine
517 1261 573 1321 ullo
583 1272 672 1341 tropo,
693 1271 723 1320 ut
734 1261 805 1320 infra
819 1258 1013 1319 monstrabitur.

166 1341 254 1399 Porrd
269 1343 381 1402 verbum
396 1346 540 1423 praesentis
553 1345 685 1422 temporis
704 1342 780 1400 medi
800 1340 947 1400 indicativi
959 1343 1032 1401 ieret

123 1421 160 1481 de
179 1427 300 1481 essentia
320 1425 428 1498 formae,
448 1436 480 1483 ut
492 1427 516 1481 si
536 1424 598 1483 leco
620 1423 692 1481 illius
705 1432 856 1501 poneretur
867 1426 920 1494 eit,
942 1422 1032 1483 eritrel
1054 1485 1061 1493 ,

118 1507 188 1578 fiai,
206 1503 282 1563 nulla
295 1514 368 1565 esset
381 1506 559 1565 Cousseoratio
570 1527 577 1574 3
600 1507 730 1584 quianon
743 1504 949 1582 significaretur
960 1503 1033 1563 'l'reri-

123 1583 317 1644 substantiatio
329 1585 413 1655 facta,
434 1586 485 1645 sed
498 1586 637 1645 faciende.
1021 1586 1027 1599 ’

165 1666 219 1724 lV.
236 1666 282 1723 De
296 1668 430 1748 particula
439 1669 513 1725 enim
523 1667 584 1745 jam
599 1666 705 1725 dictum
721 1675 773 1724 est.

165 1748 282 1805 Nomen
310 1749 423 1826 Corpus
445 1751 581 1826 accipitur
602 1748 714 1826 proprie
727 1760 755 1806 et
772 1746 881 1819 stricte,
897 1743 1037 1826 procidis·

124 1829 260 1905 tinguitur
273 1838 371 1887 contre
384 1832 561 1907 sanguinem,
581 1827 821 1906 comprehendens
835 1846 958 1898 carnem,
977 1834 1039 1897 mnf

124 1927 229 1978 neruos,
253 1910 306 1967 duc.
335 1910 462 1986 adeoque
485 1911 510 1968 si
537 1912 599 1968 loco
626 1910 701 1967 vocis
716 1926 823 1988 eorpus
832 1909 968 1967 diceretur
978 1926 1036 1967 nere

123 2009 178 2048 reon
191 1992 294 2050 valeret
308 1989 496 2061 consecratio,
522 1992 573 2048 nisi
589 1990 674 2069 juxte
687 1989 793 2069 sliquos
807 2009 856 2068 per
869 1992 904 2068 ly
917 2007 982 2047 curo
992 1988 1037 2047 rel·

122 2074 182 2130 lent
191 2070 265 2131 idem
276 2071 431 2149 intelligere
446 2093 479 2130 ac
495 2091 544 2150 per
552 2072 582 2150 ly
596 2091 714 2148 corpus.

163 2153 324 2212 Pronomcn
337 2172 430 2210 meum
451 2153 614 2210 determinat
629 2152 813 2230 praedicatum
829 2171 936 2229 corpus
949 2148 983 2207 ad
994 2153 1036 2228 sig·
1058 2174 1061 2201 ι

123 2232 291 2293 nificendum
308 2232 418 2313 Corpus
440 2233 555 2304 Christi,
575 2236 602 2291 in
626 2233 705 2308 cuius
721 2235 844 2291 Persona
857 2230 993 2291 Sacerdos
1004 2229 1036 2289 lo

123 2316 236 2392 quitur:
256 2313 332 2374 unde
346 2313 433 2392 hujus
454 2312 566 2372 delectu
580 2301 702 2372 invalide
721 2315 790 2372 foret
814 2315 1001 2383 consecratio,
1017 2286 1061 2385 ¹'l

123 2398 185 2472 quis
199 2395 320 2455 diceret:
344 2393 413 2455 Hoc
428 2402 472 2453 ast
491 2395 602 2473 Corpus
623 2395 745 2454 Ciminii.
1059 2398 1061 2403 '

145 2576 186 2637 N.
204 2580 250 2639 19.
274 2577 333 2637 DE
354 2576 504 2637 FORMA
526 2576 905 2637 CONSECRATIONIS
927 2573 1022 2635 VINI.
1054 2640 1057 2647 ¹

365 2763 395 2821 S.
414 2762 513 2821 illem.
530 2769 624 2840 quest.
640 2759 688 2819 78.
710 2769 765 2818 nrt.
781 2760 811 2820 3.

122 2943 147 3002 Ι.
163 2943 344 3006 Esseniielin
356 2954 427 3005 sunt
441 2943 506 3002 sola
530 2941 614 3000 cerba
624 2946 738 3019 priore.
782 2939 822 2999 II.
839 2939 901 2998 fflc
914 2945 959 2998 esi
971 2941 1029 2997 enin
1045 2949 1061 3005 “J

167 3025 256 3084 (nlz'n
281 3024 448 3102 Sanguinis
475 3025 538 3083 mei.
582 3021 638 3080 ΙΙΙ.
669 3022 751 3083 Noni
769 3029 797 3080 et
812 3021 935 3079 AEterm·
951 3020 1029 3079 Teste·

162 3109 261 3164 menti.
297 3105 351 3163 IV.
367 3105 542 3181 Mysierinm
545 3103 632 3180 fidei.
670 3103 707 3160 V.
722 3106 847 3180 Qnipro
864 3101 941 3160 vobis
955 3107 1030 3179 elpn
1059 3122 1061 3133 ·

162 3185 262 3246 multis
280 3184 444 3264 ffundeiur
454 3191 483 3244 in
495 3189 695 3244 remissionem
711 3184 914 3242 Peccatorum.

163 3371 315 3439 Quisnam
330 3367 469 3428 estformc
484 3366 705 3425 Consecretionis
720 3365 842 3424 Calicis?

165 3450 201 3508 R.
223 3452 339 3512 Usitata
361 3459 406 3510 est
432 3449 514 3507 haec:
538 3447 603 3506 Hie
628 3456 672 3506 est
686 3449 760 3506 einim
780 3445 868 3504 Calin
882 3441 1031 3520 Sanguinis

122 3535 178 3594 mei
200 3532 281 3592 Noui
293 3542 320 3591 et
344 3533 468 3590 AEIerni
483 3529 669 3596 'l'esiomenii
694 3527 869 3602 Mysterium
896 3525 972 3596 fidei,
992 3520 1033 3599 pttl

117 3634 175 3692 pre
189 3613 268 3672 vota
281 3619 310 3674 et
319 3633 377 3692 pro
397 3610 497 3672 multis
511 3608 677 3690 ffundeinr
690 3611 719 3667 in
735 3611 932 3668 remissionem
942 3620 1030 3685 pecea-

121 3704 227 3756 torum.
