2130 3990
354 125 396 168 nn
408 123 582 169 secutorem
597 123 706 168 uisse.
932 106 991 168 ³71

59 372 102 433 N.
118 374 147 431 8.
164 373 222 431 DE
238 372 367 431 MODO
383 371 441 429 Er
461 371 686 444 TEMPORE,
714 369 801 431 QUO
816 369 993 428 SACRIFI'-

86 452 196 517 CIUM
212 453 350 513 MISSAE
364 452 470 515 SUOS
486 452 724 513 OPERATUR
738 450 965 513 EFFEOTUS.

59 634 85 695 1.
102 624 291 696 Sat‘riricinm
315 633 416 693 Missa
439 642 544 694 causet
558 632 678 714 effectus
690 653 761 693 srros
774 654 812 691 en
826 653 911 713 opere
930 653 997 712 ope.

99 727 177 791 rato,
200 718 241 775 II.
256 716 382 795 Aliquos
396 720 510 775 tantum
519 719 650 789 mediate,
666 724 697 773 ut
719 716 920 774 remissionem
929 735 997 792 pee-

100 807 244 858 catorum.
288 796 343 855 III.
371 798 469 856 Etiam
498 798 666 864 venialium,
708 795 763 855 IV.
791 795 833 854 Et
856 798 885 854 in
902 797 997 874 justis

97 884 233 959 gratiam
245 879 436 956 habitualem,
459 878 497 938 V.
512 879 595 937 Alios
619 879 792 946 immediate,
809 882 996 954 utpeuarurn

100 959 304 1039 temporalium
318 964 526 1028 remissionem,
549 958 603 1017 VI.
619 958 744 1034 Aliquos
756 964 895 1035 operatur
906 956 996 1036 irffal·

10 1082 25 1105 ,-
101 1040 233 1109 libililer,
256 1039 328 1100 VII.
346 1039 415 1100 Non
430 1043 570 1120 sequitur,
586 1042 664 1118 quid
676 1042 779 1098 diuitr's
794 1043 930 1112 consillia,
938 1056 997 1119 pro

100 1142 163 1201 qun
174 1120 263 1181 multa
282 1122 444 1182 secretum
457 1121 630 1200 offeruntur,
651 1121 756 1180 melior
768 1125 811 1180 sit
825 1140 909 1200 quam
918 1140 996 1199 pau·

10 1234 23 1269 2
93 1205 184 1281 peris
187 1204 339 1282 justioris,
344 1224 403 1281 pro
413 1223 470 1283 quo
481 1207 530 1262 nia
542 1200 673 1280 effertur,
684 1194 770 1261 VIII.
782 1202 850 1261 Non
861 1208 998 1280 operatur

10 1296 14 1348 ζ
89 1282 301 1361 ‘infallibiliter
314 1289 513 1344 remissionem
529 1292 725 1362 peccatorum,
748 1282 803 1341 IX.
819 1282 883 1341 Nec
893 1284 998 1360 gratie

101 1373 306 1442 augmentum,
320 1386 374 1424 nec
389 1367 463 1426 bonu
476 1363 660 1442 temporalia.
681 1364 721 1423 X.
736 1364 846 1440 lilingis
860 1372 903 1423 est
916 1363 997 1436 utile,

103 1467 211 1505 curare
224 1446 338 1504 Missos
352 1446 492 1507 celebrari
503 1466 561 1524 pro
582 1451 691 1524 ser'psis
705 1450 840 1505 mortuis.
867 1445 924 1503 XI.
941 1444 997 1503 Di·

103 1546 210 1586 nersus
222 1528 326 1586 modus
345 1529 521 1606 impetrandi
529 1548 585 1606 per
598 1531 757 1586 orationem
771 1534 800 1586 el
818 1525 998 1595 Sacrificium

104 1606 227 1675 Misso,-
257 1608 330 1667 XII.
363 1608 488 1689 Tempus
511 1627 566 1688 quo
595 1608 779 1685 Sacrificium
808 1604 915 1665 Missoe
928 1626 999 1667 suos

106 1696 249 1771 operatur
262 1688 388 1768 efficitis.
429 1690 518 1750 XIII.
534 1690 635 1749 Missa
649 1689 720 1748 ntuli
733 1688 897 1749 Sacerdotis
917 1697 998 1768 reque

105 1770 207 1831 uatem
220 1792 257 1830 en
271 1791 356 1849 opere
366 1783 484 1850 operato
493 1794 529 1830 ae
540 1771 621 1838 boui·
644 1770 732 1830 XIV.
745 1770 819 1828 Item
828 1772 998 1848 inquantum

108 1852 255 1911 Sacerdos
272 1858 338 1911 ornt
360 1856 475 1912 nonriue
488 1852 644 1920 Ecclesia:
665 1851 732 1912 XV.
758 1850 828 1910 Non
842 1854 939 1909 tamen
954 1853 999 1909 in·

108 1942 252 2015 querutum
267 1942 331 1993 orat
346 1943 378 1993 ut
387 1939 505 2013 priuata
512 1953 652 2014 persona.

108 2110 306 2189 Noenuuuu,
327 2112 404 2194 qued
430 2114 537 2194 aliquid
563 2116 650 2194 possit
662 2134 723 2174 esse
746 2112 849 2174 efficax
863 2135 901 2175 ex
914 2134 1000 2195 opero

67 2205 187 2276 operato
211 2197 368 2276 dupliciter,
388 2196 511 2256 mediate
533 2217 633 2274 nempe
656 2204 684 2254 et
697 2197 876 2256 immediate:
898 2197 999 2255 immo·

68 2277 147 2339 diste
160 2287 189 2338 et
201 2299 252 2358 per
265 2277 384 2336 modum
399 2277 585 2350 sacrementi
599 2297 633 2336 eo
646 2277 753 2336 scilicet
767 2279 860 2350 modo,
881 2297 936 2357 quo
949 2277 1001 2336 So·

68 2369 216 2419 crementa
241 2380 305 2418 suos
319 2358 476 2438 producunt
488 2359 622 2428 effectus;
646 2360 685 2417 vet
701 2359 824 2418 mediate
837 2367 867 2418 ot
879 2378 929 2438 per
941 2378 1002 2418 mo·

70 2438 140 2499 dnm
165 2442 374 2520 impetrationis,
397 2439 508 2517 quando
523 2460 627 2519 nempe
638 2441 663 2499 vi
676 2440 749 2500 Illius
774 2444 938 2520 impetretur
950 2439 1000 2499 nli-

71 2521 138 2601 quid
152 2525 199 2580 cui
212 2520 288 2581 uliud
301 2542 444 2579 annexum
457 2530 508 2580 cst.

110 2598 214 2681 Itaque
229 2606 443 2681 petItur,utri1m
458 2601 633 2661 Sacrificium
649 2601 766 2661 effectus
780 2609 1002 2684 prememorato·

73 2694 169 2743 causet
181 2704 219 2742 ex
233 2704 315 2761 opere
328 2685 465 2761 operato?

113 2762 141 2821 l.
158 2765 195 2823 R.
210 2762 402 2834 Affirmative;
417 2767 481 2842 quia
495 2766 522 2822 in
542 2763 596 2821 hoc
610 2763 754 2822 Sacrificio
764 2764 913 2823 estendem
924 2762 1001 2822 Hoe-

72 2845 112 2903 tia
125 2853 156 2903 et
168 2844 243 2904 idem
257 2845 374 2904 offerens
389 2846 556 2924 prIncipslis,
580 2853 659 2923 prout
680 2847 709 2903 in
724 2847 867 2905 Sacrificio
883 2845 1002 2903 Crucis:

76 2945 142 3005 ergo
156 2925 256 2984 eadem
270 2930 353 2984 etiam
369 2935 412 2984 est
434 2930 575 3004 utriusque
588 2923 732 2985 efficacis:
755 2927 829 2987 unde
842 2927 924 2986 Trid.
937 2946 1002 2986 sose.

74 3000 122 3065 22.
135 3027 197 3085 cap.
215 3007 240 3065 I.
257 3006 347 3074 docet,
364 3012 417 3066 vim
433 3006 569 3064 sacrificii
586 3007 683 3065 Missae
695 3008 881 3086 nonpendere
895 3028 932 3065 ex
948 3010 1002 3085 pri-

74 3098 139 3146 uata
160 3088 284 3146 Ministri
298 3088 475 3146 conditione:
495 3088 565 3158 haec,
586 3091 685 3165 inquit,
707 3089 756 3148 illa
769 3089 876 3147 munda
898 3089 1004 3147 oblatio

73 3177 126 3231 ost.
141 3188 207 3248 quae
224 3170 302 3228 nulle
315 3170 484 3248 indignitate
497 3179 546 3226 eut
560 3169 668 3233 malitia
678 3169 853 3230 offerentium
864 3171 1004 3249 inquiunri

93 3259 176 3309 otest.

72 3270 91 3330 p
117 3332 147 3388 N
150 3351 183 3388 en
210 3330 301 3398 refert,
322 3330 398 3410 quod
425 3338 534 3389 tanturn
548 3331 583 3390 ad
597 3332 705 3408 aliquos
720 3331 835 3391 effectus
848 3333 1005 3412 requiretur

74 3410 220 3489 dispositio
249 3433 287 3470 ex
314 3425 391 3491 parte
418 3415 611 3491 suscipientis;
633 3432 689 3470 non
717 3417 792 3472 enIm
807 3415 952 3492 requiritur
974 3422 1007 3475 ut

75 3492 145 3551 sntio
173 3490 296 3551 formeiis
310 3495 451 3563 causandi,
472 3498 520 3551 scd
544 3493 719 3552 solummodo
733 3502 764 3553 ut
777 3495 909 3564 conditio,
932 3497 1006 3554 sicut

76 3576 105 3632 iu
120 3574 324 3634 Sacramentis:
340 3583 367 3634 et
382 3574 447 3632 hinc
461 3575 533 3634 teies
553 3575 667 3636 effectus
681 3575 742 3655 plus
757 3577 799 3635 vel
815 3578 904 3636 minius
917 3578 1005 3656 perci·
