2130 3990
105 158 166 218 386
468 176 650 221 cremares
703 222 708 230 .

105 323 195 401 possit
207 342 286 381 orare
307 342 359 399 pro
382 322 433 394 eis,
452 323 535 381 etiam
548 324 577 380 in
600 322 693 381 Missa
715 326 907 401 exprimendo
930 327 1030 387 illaria

105 403 272 464 Memento:
293 404 582 481 conveniuutparitcr,
605 406 680 481 quod
703 404 849 465 Sacerdos
873 408 963 483 possit
973 409 1030 467 inli-

105 486 182 544 recte
194 506 247 563 pro
258 485 321 557 illis,
341 485 408 543 item
419 504 471 561 pro
492 484 644 545 Haeretr'cis
656 486 815 562 baptizatis,
830 488 934 547 offerre
945 488 1033 548 Missa

104 566 285 637 Sacrificium,
306 565 456 634 offerendo,
477 586 503 624 v.
518 587 546 644 g.
560 586 612 644 pro
624 567 667 638 iis,
688 568 734 644 qui
753 568 924 627 incumbunt
935 570 1032 629 illoruu

94 648 288 719 ‚conversioni
308 654 341 706 ut
361 648 501 707 fructuose
520 667 620 705 munus
633 668 712 707 suam
725 658 922 727 exequantur,
935 652 982 719 vel
992 672 1034 728 pro

103 730 252 787 haeresium
265 729 462 805 extimatione,
484 727 620 787 Eceloeiae
634 731 818 803 exaltatione,
833 728 895 789 &a
930 730 988 790 Sed
998 733 1034 790 liic

103 810 250 885 difficultas
259 818 312 881 est,
325 828 361 867 an
374 810 568 871 liceetdirecte
579 830 631 887 pro
640 810 739 869 iisdem
752 812 860 875 efferre
871 811 1033 871 &orificium

104 890 222 961 Missam
250 892 369 949 affirmat
393 891 556 949 Billuartex
564 890 660 970 Sylvio
673 892 779 965 dicens,
801 895 884 970 quod
896 894 1033 967 Sacerdos,

103 973 187 1031 etiam
195 983 328 1049 tanquam
339 972 476 1031 Eccleiae
487 971 626 1044 Minister,
637 974 741 1032 directe
754 976 849 1051 possit
862 995 916 1051 pro
930 995 1032 1033 excon-

103 1054 250 1113 municatis
263 1073 353 1124 orare,
366 1061 396 1113 et
407 1053 476 1130 ipsis
485 1054 590 1113 directe
602 1054 722 1112 fructum
735 1054 879 1113 Sacrificii
892 1056 1030 1134 applicare,

102 1136 186 1193 modo
211 1155 308 1193 corum
333 1134 446 1191 nonina
467 1135 496 1191 in
520 1134 657 1193 Ecclesiae
680 1137 858 1195 orationibus
880 1157 939 1195 noa
951 1140 1030 1215 expri-

102 1225 222 1287 mantur,
243 1228 272 1274 et
297 1216 411 1273 intentio
434 1214 595 1273 Sacerdotis
615 1237 673 1275 uon
693 1217 730 1276 sit
751 1238 803 1293 pro
829 1219 874 1275 eis
901 1232 1030 1279 orarcaat

100 1297 267 1369 sacrificare,
287 1305 320 1354 ut
331 1294 462 1355 membris
477 1296 614 1355 Ecclesiae
629 1298 717 1377 (quod
727 1300 910 1357 solummodo
919 1320 971 1377 per
982 1300 1025 1359 Er·
1064 1298 1065 1346 Ϊ

100 1379 213 1437 alesiam
227 1378 294 1435 dicit
314 1396 379 1435 esse
398 1376 577 1454 prohibitum)
593 1380 643 1437 sed
656 1386 688 1437 ut
706 1381 878 1456 poenitentia
892 1382 979 1453 ducti,
1000 1385 1024 1441 el

97 1459 160 1538 ejus
174 1460 309 1538 gremium
321 1467 513 1517 revertantur:
534 1460 658 1539 plerique
671 1470 765 1527 tamen
786 1462 835 1520 olii
853 1462 1022 1521 verosimilia

99 1549 212 1619 negant,
234 1540 414 1601 Sacerdotem
440 1540 469 1597 in
491 1561 611 1617 persona
639 1540 777 1600 Ecclesiae
805 1552 1021 1621 agentampose
1060 1591 1063 1604 ι

101 1623 205 1680 directe
231 1622 346 1699 praeis
374 1640 453 1680 orare
481 1630 529 1679 aut
553 1622 725 1681 sacrificare:
759 1624 834 1681 ratio
860 1625 1021 1699 illorrrmcrt,
1064 1669 1065 1672 ι

98 1702 417 1779 quddexcommunicati
438 1703 580 1780 priventur
603 1704 793 1763 communibus
821 1704 964 1765 Ecclesia
976 1708 1019 1765 aul·
1062 1751 1065 1766 ι

98 1785 201 1861 fragile,
214 1784 839 1862 interquaesuntoratiqetpraecipueMissae
849 1786 1016 1847 Sacrificium
1062 1832 1065 1849 ι

140 1866 179 1925 V.
202 1865 347 1942 Quidquid
360 1865 397 1922 sit
409 1866 444 1923 de
457 1872 573 1943 utraque
586 1867 638 1924 hac
663 1867 791 1943 opinione
804 1867 974 1939 tutissimum
987 1876 1018 1927 erl

96 1947 277 2005 intentionem
290 1966 369 2003 suam
382 1946 421 2003 ita
432 1947 579 2018 moderari,
593 1956 625 2005 ut
637 1948 780 2006 intendant
791 1949 902 2008 directe
923 1950 1017 2021 offerre,

95 2048 148 2103 pro
162 2036 319 2105 augmento,
339 2027 444 2084 unitate
466 2034 496 2085 et
515 2049 585 2105 pace
608 2029 679 2085 illius
703 2028 853 2101 Ecclesiae,
874 2049 941 2107 quoe
960 2031 1017 2091 inter

93 2109 267 2182 llaroicos,
287 2109 541 2167 excommunicatos
555 2111 599 2167 vel
619 2110 816 2168 Schismaticos
831 2120 1016 2169 conversaturi

94 2192 216 2249 cundem
242 2191 315 2249 enirn
339 2190 452 2247 intentio
475 2191 538 2247 haec
557 2190 642 2248 habet
667 2192 805 2263 effectum,
838 2213 925 2268 quem
946 2194 1016 2250 habet

96 2272 151 2331 alia
163 2273 192 2329 in
205 2272 342 2331 sententia
361 2270 494 2341 Billuart;
517 2272 582 2329 crim
607 2272 634 2329 in
660 2273 713 2329 illis
735 2272 803 2329 locis
829 2273 960 2332 Ecclesia
971 2295 1016 2331 non

96 2355 183 2428 possit
210 2354 314 2431 augeri,
334 2352 405 2409 uniri
431 2372 465 2409 ac
488 2353 636 2428 pacificari,
660 2354 713 2411 nisi
733 2351 792 2431 jam
821 2355 888 2413 dicti
913 2375 1018 2413 conver-

95 2442 198 2495 antur.
883 2476 886 2481 ·

136 2515 193 2573 Pro
208 2514 306 2592 quibus
319 2515 454 2580 ⁴defunctis
468 2523 560 2591 potest
573 2516 625 2573 hoo
640 2514 811 2573 Sacrificium
825 2515 944 2575 offerri?
966 2582 978 2589 ,

137 2597 192 2655 Vl.
209 2596 248 2656 R.
265 2601 304 2655 l⁰·
320 2596 376 2653 Pro
398 2596 533 2654 damnatis
557 2597 616 2654 sive
643 2596 753 2654 aeternie
776 2598 919 2673 suppliciis
943 2598 1015 2655 inia-

94 2681 171 2737 lerno
184 2677 301 2737 addictis
322 2697 374 2735 nec
399 2678 491 2750 debet,
511 2698 563 2735 nec
590 2685 682 2754 potest
704 2678 795 2736 offerri
816 2677 920 2737 Missae
934 2678 1016 2737 Sacri-

93 2760 195 2829 ficium,
216 2759 282 2836 quia
294 2761 369 2817 nullo
393 2760 475 2816 modo
499 2760 566 2836 ipsis
585 2767 679 2836 potest
691 2760 839 2835 prodesse3
861 2760 929 2836 quia
941 2761 969 2818 in
980 2761 1015 2818 ia-

94 2843 171 2901 lerno
184 2843 259 2899 nulla
271 2849 317 2898 est
328 2840 489 2917 redemptio.
962 2866 966 2871 ·

135 2922 201 3001 Obj.
231 2922 367 2981 Sacerdos
386 2921 413 2979 in
428 2921 519 2979 Missa
537 2941 587 2998 pro
615 2920 751 2979 defunctis
776 2928 838 2979 orat
856 2930 889 2979 ut
916 2923 1015 2981 inferno

92 3005 241 3067 liberentur
260 3003 381 3061 damnati
403 3003 446 3059 his
470 3002 579 3061 verbis:
612 3003 721 3061 Lz'bero
748 3007 865 3071 caimos
894 3007 1014 3062 οιιιιιίιιιιι

84 3086 434 3163 fidelium'dcyunctorum
451 3086 484 3142 de
496 3086 589 3160 porris
599 3081 713 3151 inferni
721 3105 731 3139 .·
750 3080 901 3160 ergo„,&c.

134 3167 171 3225 R.
202 3167 278 3243 Neg.
293 3176 382 3223 antec.
395 3165 460 3242 quia
474 3164 603 3222 Ecclesia
615 3185 665 3240 per
678 3164 775 3221 inferni
799 3184 899 3240 poenas
923 3166 967 3222 val
978 3166 1012 3221 io·

92 3249 190 3325 telligit
216 3267 314 3324 poenas
341 3244 508 3324 purgatorii,
530 3245 604 3322 quod
625 3265 693 3302 sano
713 3264 798 3303 sensu
822 3246 920 3303 vocari
932 3254 1014 3322 potest

91 3329 223 3400 infernus,
243 3336 272 3387 et
284 3337 349 3387 amc
362 3348 418 3385 non
430 3327 539 3399 mirum,
560 3327 584 3383 si
597 3326 632 3383 ab
652 3327 686 3384 iis
701 3326 830 3384 Ecclesia
847 3325 945 3398 fideles
957 3346 1012 3385 soor

92 3410 165 3465 omni
179 3431 234 3487 quo
247 3416 339 3486 potest
350 3410 433 3473 modo
444 3408 561 3467 liberare
575 3416 700 3465 conetur:
720 3409 765 3466 vel
779 3407 907 3483 intelligit
923 3427 1014 3484 poenas

94 3490 277 3548 Daemonibus
300 3497 480 3568 praeparatas,
501 3497 530 3549 et
541 3497 606 3546 tunc
620 3488 733 3566 respicit
752 3489 787 3546 ad
811 3489 878 3546 illud
885 3498 892 3561 j
904 3489 1012 3557 instans,

91 3592 145 3648 quo
160 3571 257 3630 acinace
274 3573 430 3631 constituta
445 3580 509 3630 sunt
531 3571 558 3629 in
582 3569 659 3629 exitu
679 3569 754 3643 vitoe,
775 3578 804 3629 et
816 3576 878 3629 orat
892 3569 1015 3628 Ecclesia
