2130 3990
376 192 418 235 aa
441 188 659 235 nncnaararra.
921 169 982 233 388

90 335 180 400 Unde
194 334 327 416 quotidie,
347 338 404 396 sive
426 336 513 415 quim
540 333 758 418 frequentissime
780 324 921 403 celebrare¹
937 343 984 395 est

55 418 135 478 rude
159 416 419 479 commendandum
428 417 515 496 juxta
528 423 664 478 monitum
683 416 864 477 Venerabilis
879 415 982 476 Beda:

51 500 106 559 iord
130 500 261 577 pluribus
274 499 377 578 probat
387 497 555 559 Benedictus
565 498 654 559 XIV.
668 499 716 559 lib.
729 497 761 561 a
775 499 809 557 de
824 495 983 567 Sacrificio

49 579 155 641 Messa
168 601 233 660 cap.
246 578 277 639 2.
291 580 381 658 magia
391 576 610 639 consentaneam
621 599 681 639 esse
693 579 799 639 Christi
807 586 835 639 nt
846 579 982 639 Ecclesia

48 662 148 721 mnsui
176 660 371 740 quotidianam
397 660 493 720 Missa
516 661 741 731 celebrationem,
762 657 847 719 modo
860 665 925 719 eura
938 662 980 730 iis,

48 741 155 821 paribus
168 761 279 822 aequum
294 747 347 816 est,
367 740 590 820 dispositionibus
602 741 661 801 fiat.

85 823 195 885 Facile
209 831 304 883 tamen
318 843 369 881 neu
393 825 487 883 venire
500 832 602 902 potest,
622 821 697 901 quod
711 824 739 880 in
755 840 873 899 persona
884 822 982 881 Sacer·

48 902 125 963 lotis
139 906 180 963 ait
190 904 318 964 Thomas
331 907 350 962 at
365 903 484 981 Kompis
497 903 546 963 lib.
562 903 592 961 4.
607 925 632 963 c.
646 902 675 963 3.
720 906 738 936 “
753 902 834 962 Licet
845 904 921 962 omni
935 901 983 963 die

48 1005 107 1045 non
126 987 182 1045 eim
195 994 287 1064 aptus,
308 1005 360 1044 nec
373 984 409 1043 ad
424 983 620 1045 celebrandurn
641 985 713 1043 bene
725 983 884 1062 dispositus,
902 982 983 1046 ¹daho

48 1085 155 1137 amen,
165 1086 280 1146 operam
294 1067 423 1144 congruis
442 1066 613 1145 temporibus
627 1067 732 1126 Divina
744 1066 887 1144 percipere
900 1063 983 1143 Mys·

48 1149 132 1221 aria,
151 1169 189 1208 ac
200 1156 286 1207 tanta
299 1150 393 1224 gratia
406 1148 571 1225 participem
584 1166 630 1206 me
643 1144 797 1226 prebere.''

85 1227 225 1288 Carnam
237 1227 335 1287 aeduld
348 1229 506 1287 animarum
521 1230 691 1302 Directores‚
710 1248 748 1287 ne
760 1225 982 1289 indiscretioner·

48 1310 187 1371 monibus
200 1307 328 1369 fidelesa
353 1309 495 1388 frequenti
517 1310 717 1369 communione
736 1307 896 1370 retrahant:
917 1309 985 1386 qnia

48 1395 120 1449 crim
145 1389 284 1451 ordinarie
297 1389 332 1449 ad
347 1390 425 1449 illam
439 1389 622 1469 frequentiam
648 1409 705 1450 non
719 1391 852 1449 inclinent
877 1391 932 1449 nisi
943 1391 983 1468 pii

48 1480 77 1531 rt
91 1473 229 1542 timorati,
243 1470 289 1529 hia
302 1471 451 1539 nocebunt,
474 1481 503 1530 et
517 1472 577 1530 aliis
591 1492 647 1531 nou
662 1471 827 1549 proderunt:
850 1490 907 1531 non
920 1470 984 1531 ideo

48 1560 150 1613 nmen
165 1552 314 1612 reticenda
326 1552 370 1613 vel
383 1552 543 1611 minuendae
553 1561 618 1611 aunt
627 1552 769 1630 requisita
778 1550 983 1630 dispositiones.

92 1634 235 1693 Finulitcr
248 1633 297 1691 hic
312 1642 389 1706 nota,
409 1632 513 1711 populo
528 1637 615 1693 ettam
637 1631 840 1691 inculcandum
854 1650 917 1691 esse
930 1632 983 1691 fre·

48 1724 193 1793 quantem
218 1713 301 1792 hujus
315 1716 492 1773 Sacramenti
507 1715 612 1774 cultum
637 1721 666 1773 et
686 1713 895 1772 adorationem:
916 1712 983 1773 hinc

48 1795 239 1874 triumphales
262 1795 319 1853 illa
333 1815 398 1854 cum
426 1794 584 1855 Venerabili
599 1795 793 1855 Procesaiones
807 1802 836 1853 et
848 1793 985 1855 solemnes

51 1876 261 1956 expositiones:
277 1875 433 1935 curandum
457 1883 552 1935 tamen
579 1883 629 1946 est,
650 1895 687 1934 ne
711 1877 740 1934 in
766 1876 809 1934 hir
831 1877 919 1934 nimia
931 1874 984 1933 fre·

53 1961 172 2036 quentia
195 1959 237 2016 sel
261 1970 375 2015 ornatus
390 1960 473 2015 nimis
497 1962 614 2034 exiguus
638 1963 828 2035 contemptum
842 1955 985 2036 pariatvel

55 2041 193 2097 minorem
208 2040 403 2097 reverentiam.
433 2037 507 2095 Vide
522 2038 594 2117 Syn.
612 2039 691 2095 Prov.
707 2038 849 2097 Mechlin.
864 2038 984 2116 primam

58 2123 100 2179 tit.
124 2122 162 2177 de
176 2118 380 2177 Sacramenta
393 2128 423 2175 et
436 2120 590 2177 secundam
604 2121 648 2176 tit.
671 2119 706 2177 de
719 2118 907 2178 Euotarnaa
920 2138 983 2196 cap.

60 2199 88 2259 8.
110 2220 147 2259 ac
167 2198 323 2278 Epistulam
339 2199 515 2258 Pastoralem
529 2199 667 2278 Alpbonsi
682 2199 717 2258 de
734 2200 843 2276 Berges,
866 2199 983 2257 Archia·

62 2285 125 2358 piso.
142 2280 364 2352 Mechliniensis,
385 2279 421 2339 de
436 2282 482 2339 die
497 2279 522 2338 l.
539 2281 686 2340 Februarii
701 2280 788 2354 1676,
800 2300 886 2359 quam
900 2279 984 2341 refert

63 2362 204 2421 l'asmans.

73 2526 108 2583 N.
122 2526 172 2583 55.
196 2525 255 2583 Da
278 2523 574 2583 NECESSlTATE
594 2521 878 2582 SACRAMENTI
900 2521 970 2585 EU-

394 2603 649 2665 CHARISTIAE.

300 2767 330 2825 S.
348 2767 447 2825 Thorn.
464 2776 558 2846 qrraest.
574 2767 622 2826 73.
644 2775 699 2824 nrt.
713 2767 744 2825 3.

53 2924 77 2989 l.
96 2929 263 3067 Susceptz'pl
269 2927 481 2988 Eucharistiae
507 2929 548 2987 ΙΙ.
563 2927 632 2986 Non
648 2939 691 2989 eet
705 2933 871 2989 neccessarie
885 2948 984 2989 neoc&

89 3012 182 3069 ritate
199 3030 242 3067 me
264 3014 296 3070 ti.

92 3172 120 3228 l.
144 3171 278 3237 luuntur
300 3179 389 3250 potest
410 3171 444 3228 de
460 3170 566 3251 duplici
581 3175 757 3243 necessitate,
779 3175 884 3232 scilicet
898 3171 983 3231 medii

48 3262 81 3310 et
109 3257 263 3331 praecepti:
285 3251 320 3309 de
348 3254 511 3310 necessitate
539 3257 678 3332 precepti,
701 3266 759 3313 tarn
786 3255 871 3312 divini
897 3273 981 3332 quam

50 3333 262 3408 Ecclesiastici‚
283 3334 388 3392 dicetur
402 3332 480 3391 inira.

91 3412 296 3492 Ansusceptio
312 3413 495 3472 Eucharistiae
511 3423 553 3472 est
563 3416 719 3473 necessaria
733 3417 892 3473 necessitate
900 3414 987 3473 medii

49 3495 88 3553 ad
105 3496 230 3553 salutern
243 3498 272 3553 in
286 3514 314 3552 re
327 3496 370 3554 vel
385 3497 413 3552 in
429 3497 513 3553 voto?
689 3500 691 3506 '

97 3575 136 3633 R.
166 3576 195 3632 N
198 3575 321 3654 egatire:
344 3579 412 3654 qnia
426 3595 464 3633 ex
477 3577 522 3635 sui
535 3578 707 3637 institutione
720 3584 760 3635 est
774 3576 985 3636 Sacramentum

50 3657 193 3731 uirorum,
214 3677 268 3716 non
291 3657 433 3717 conterens
460 3659 580 3736 primam
608 3661 734 3737 gratiam,
755 3659 805 3717 aed
828 3676 989 3738 supponens

1030 3760 1034 3813 l
