2130 3990
386 197 429 243 un
448 196 614 251 userrsrro.
905 178 963 241 itt

71 342 143 423 obj.
175 342 214 404 ln
240 339 405 419 Baptnmo,
428 343 517 423 juxta
539 341 717 424 Apostolum,
750 339 966 422 consepelimur

46 424 178 493 zrrnto,·
200 426 280 505 etqui
292 422 436 502 sepultura
447 445 506 485 non
518 432 612 505 potest
622 422 770 505 significari
780 425 835 507 nisi
847 441 899 505 per
911 424 965 507 im·

46 508 223 567 ternionem:
244 522 319 583 ergo,
340 504 393 564 &n

73 586 118 647 R„
131 588 219 666 Nego
231 587 383 645 minorem:
399 588 476 668 qnia,
485 585 557 645 licet
568 605 619 666 per
631 585 839 645 immersionem
852 603 966 664 expres·

46 668 94 729 iris
108 667 217 729 Christi
228 664 371 745 sepulture
383 676 603 747 repraesentetur,
617 667 702 726 etiam
716 675 812 727 tamen
826 664 966 746 signitica-

46 768 78 809 nr
101 768 157 831 par
180 748 417 829 qualemcumque
436 748 619 818 ablutionem,
639 748 670 807 in
690 768 747 829 qua
760 744 970 829 aliqaesnitem

46 832 162 911 erpotis
175 849 238 909 pers
249 847 302 909 sup
359 831 415 890 'tnr
428 849 520 910 aquae,
528 831 602 889 siem
610 828 717 909 Corpus
731 827 837 889 christi
849 826 904 890 init
915 827 969 888 sub

46 930 111 973 erra
119 913 256 991 positum.
330 908 376 968 ide
388 911 420 970 S.
434 912 544 971 Thom.
557 917 612 971 nrt.
626 910 655 970 7.
668 909 706 968 ed
719 914 749 970 2.

76 990 248 1070 Notaquod
261 992 392 1053 isoeculo
399 990 489 1053 XIII.
497 1012 565 1052 usus
573 990 737 1071 baptizandi
745 988 971 1071 pereffusionem

46 1072 128 1135 'ermis
140 1073 246 1153 ubique
259 1072 417 1141 invaluerit.
437 1072 537 1133 saltem
552 1072 629 1152 apud
643 1072 769 1132 Latinos.

78 1154 142 1215 ΠΙ.
162 1151 388 1215 Anedvalorem
398 1155 573 1217 Sacramenti
581 1153 812 1235 requiriturtrina
820 1153 973 1227 immersio,

47 1256 70 1297 rs
107 1236 172 1307 rsio,
185 1234 229 1295 sel
241 1232 357 1294 effusio?

62 1342 65 1347 ·
87 1316 169 1379 VR
181 1317 337 1397 Negetire:
351 1314 512 1377 ntostendit
519 1315 659 1377 S.Thom.
668 1323 719 1376 ert.
727 1313 758 1376 8.
765 1313 835 1375 hinc
842 1314 974 1379 Ecclesia

47 1396 188 1479 aliquoties
201 1398 276 1459 circa
284 1394 345 1459 hoo
353 1394 391 1459 ob
403 1400 524 1458 rationes
536 1398 667 1471 canerit:
689 1397 855 1476 plerumque
877 1404 975 1457 temen

47 1480 140 1563 primis
155 1476 290 1539 Ecclesia
303 1478 474 1561 temporibus
487 1480 517 1539 in
531 1497 581 1539 usu
594 1476 650 1537 fuit
658 1481 732 1539 trine
743 1478 893 1548 immersio,
903 1478 977 1537 sicut

47 1580 118 1623 nanc
142 1560 175 1619 in
200 1580 254 1621 usu
279 1566 322 1620 eet
347 1561 423 1619 trina
448 1560 557 1629 affinio,
575 1578 659 1636 quam
686 1558 831 1621 Pastorale
852 1566 976 1619 nostram

48 1640 215 1723 pmecribit3
238 1636 405 1719 etquidem
425 1641 509 1720 juxte
532 1642 565 1701 S.
579 1639 687 1701 Thom.
711 1641 831 1719 graviter
847 1642 979 1720 peccaret

48 1720 126 1865 editor
137 1720 298 1816 baptizem,
305 1725 383 1801 quasi
390 1723 475 1801 ritum
483 1721 621 1783 Ecclesia
634 1741 689 1781 non
699 1722 860 1801 observans,
871 1719 980 1781 scilicet

86 1822 117 1863 re
182 1822 217 1863 rr.

67 1822 281 2023 'ngsrnrssonem
294 1880 349 1942 eub
369 1884 444 1945 trine
456 1882 600 1952 effimione,
624 1880 679 1945 &a
700 1881 857 1963 compleor
877 1881 979 1947 Sacra·

51 1970 176 2027 mentum

86 2044 128 2107 V.
154 2044 194 2105 R.
216 2045 296 2106 Dum
319 2046 391 2106 inter
414 2044 627 2118 effundendum,
653 2042 709 2105 &c
723 2043 815 2106 forms
827 2043 981 2105 absolvitur

57 2125 185 2207 (suntque
207 2134 277 2186 tunc
301 2126 461 2202 effusiones,
479 2128 505 2186 si
526 2147 589 2208 que
610 2133 723 2197 restent,
750 2133 846 2205 partes
872 2129 982 2187 unum

55 2208 125 2270 reiut
137 2208 298 2287 integrales,
307 2209 400 2289 inquit
412 2207 561 2288 Steyeert)
576 2210 630 2269 nisi
643 2207 720 2269 certe
733 2226 865 2286 expresse
879 2204 982 2267 Minio·

55 2288 268 2361 ttrintenderet
289 2309 347 2348 non
369 2291 423 2349 nisi
444 2290 532 2349 tribus
555 2287 738 2349 effinionibus
765 2290 982 2347 Sacramentum

56 2372 200 2451 perficere3
212 2390 269 2450 quo
283 2391 359 2441 casu,
381 2391 436 2430 non
449 2373 504 2430 nisi
517 2372 600 2431 tertii
612 2368 755 2451 perficitur
766 2369 983 2429 Sacramentum

57 2471 117 2513 cnm
131 2450 230 2512 ordine
243 2451 279 2511 ad
294 2450 363 2511 dues
380 2450 579 2531 precedentes.

91 2531 149 2592 vl.
174 2532 258 2591 Circe
280 2535 382 2592 trinam
405 2530 571 2592 effationem
592 2531 743 2613 praescribit
756 2530 906 2593 Paetorale
920 2547 984 2591 noe·

56 2618 137 2680 mm,
158 2620 192 2673 ut
214 2633 280 2672 cum
293 2617 384 2693 prime
396 2633 476 2689 nqueo
489 2612 623 2673 effusione
639 2614 771 2673 Minister
782 2609 901 2672 formem
913 2612 984 2669 inci·

56 2696 123 2775 piat,
136 2701 166 2754 et
183 2692 302 2773 (secluso
317 2694 441 2773 periculo
455 2697 484 2753 in
501 2715 593 2765 mora;
615 2694 685 2754 elias
699 2698 774 2753 enim
787 2698 882 2772 posset
894 2690 985 2751 forma

56 2774 90 2835 rui
103 2776 226 2855 primam
239 2774 404 2834 effusionem
412 2776 582 2835 incessanter
595 2773 803 2855 pronunciando
815 2769 903 2851 finiri)
919 2790 986 2831 cum

56 2858 140 2917 tertia
155 2855 253 2918 finiat:
277 2858 315 2915 ite
333 2858 441 2914 scilicet
458 2865 488 2915 ut
510 2855 548 2915 ad
568 2859 686 2936 primam
711 2855 877 2915 effusionem
891 2851 986 2913 dicet:

59 2936 131 3015 Ego
146 2945 176 2996 te
189 2936 303 3015 bcptr'zo
317 2942 348 2996 in
363 2940 479 2996 nomine
492 2938 595 2997 Patris
607 2961 618 2996 .·
632 2935 840 3013 adoecnndem,
850 2940 879 2996 et
888 2930 967 2995 Fotis·
974 2953 986 2991 .·

57 3018 94 3078 ad
108 3020 231 3086 tertiam,
252 3027 280 3078 et
294 3018 426 3097 Speritue
441 3018 553 3078 Sancti.
