2130 3990
119 205 178 267 812
485 234 489 241 ·
509 216 687 272 amaracus

118 379 177 428 tam
192 370 373 431 vehementer
393 374 515 452 suspecti
536 380 610 446 sunt,
631 384 661 433 ut
679 371 729 431 ilia
742 375 865 452 suspicio
891 373 995 433 nullam
1015 378 1039 435 in

118 455 287 512 contrarium
302 452 431 513 admittat
450 453 625 533 probabilem
651 455 804 513 rationem:
827 455 907 515 unde
929 457 1039 532 auspicio

118 532 230 591 roienta
244 533 423 613 distinguitur
436 544 533 594 contra
553 543 803 615 praesumptuosam
817 547 847 595 et
861 537 1038 616 probabilem.

158 614 216 673 Ill.
240 616 336 675 Potest
344 625 439 676 autem
449 616 576 696 publicus
589 623 721 695 peccator
734 635 795 676 ease
808 617 875 677 talis
884 619 1039 698 publicitate

114 694 195 771 juris,
216 696 353 756 calfacti.

159 777 260 836 Prioris
270 778 377 856 generis
384 786 427 835 est
435 797 486 856 per
494 778 766 853 condemnationem,
776 779 819 839 val
830 781 1037 854 convictionem,

116 868 165 916 aut
180 859 382 917 confessionem
405 862 433 918 in
443 859 553 935 judicio
565 859 679 918 factam.

155 940 170 996 J
174 939 211 998 V.
233 940 395 998 Posterioris
408 943 514 1018 generis
528 951 579 1012 est,
600 940 709 1020 quando
723 943 817 1020 ipsum
841 939 951 999 factum
965 961 999 999 ι-
1014 963 1037 1021 g.

116 1023 300 1079 meretricium
315 1025 355 1079 ita
368 1022 479 1079 evidens
501 1034 550 1093 ost,
568 1030 600 1079 ut
623 1021 702 1080 nullis
724 1025 951 1100 tergiversatione
964 1023 1038 1082 celari

114 1102 217 1179 possit:
239 1105 280 1162 uti
295 1106 389 1174 etiarn,
404 1103 517 1181 quando
540 1104 644 1161 fectum
660 1122 684 1158 v.
705 1123 734 1181 g.
760 1105 933 1162 exercitium
956 1122 1036 1163 usuro

115 1202 169 1240 uon
184 1194 273 1261 potest
286 1185 381 1262 aliquo
395 1182 529 1263 suffragio
556 1185 695 1246 excusari.
738 1183 938 1253 Quandouam
952 1195 1038 1244 autern

114 1273 193 1321 tanta
218 1266 360 1322 censenda
382 1266 420 1323 sit
442 1266 584 1323 avidentia
610 1263 687 1333 facti,
710 1265 855 1324 moraliter
883 1266 1036 1343 expandere

112 1351 227 1423 oportet,
250 1367 302 1404 non
318 1353 424 1404 tautum
440 1365 477 1404 ex
491 1365 607 1404 numero
619 1365 809 1425 personarum,
829 1365 896 1425 quae
911 1345 981 1405 iliud
993 1367 1035 1404 uo·

113 1435 222 1566 vcrrppt,
241 1427 290 1486 sad
304 1437 334 1485 et
360 1446 397 1484 ex
426 1425 560 1506 qualitate
586 1426 756 1500 earumdem,
783 1429 854 1485 item
871 1428 938 1493 ioci,
960 1426 1033 1487 delio·

113 1507 144 1569 ii.
197 1528 220 1564 c.

153 1590 197 1647 An
206 1592 345 1667 peccatori
361 1588 473 1668 publico
480 1589 578 1648 saltem
592 1610 647 1648 non
662 1589 731 1648 licet
744 1587 810 1648 dare
819 1589 1026 1662 Eucharistiam,

110 1670 133 1726 si
149 1679 230 1747 cogat
245 1678 319 1727 metu
336 1673 449 1728 mortis?

152 1752 189 1808 R.
212 1754 242 1808 N
244 1750 350 1829 egntivia
362 1771 369 1807 :
390 1753 456 1829 quia
470 1750 523 1808 hoc
537 1760 611 1809 asset
624 1751 773 1810 intrinsece
789 1751 906 1822 malum,
919 1749 973 1811 &e
1053 1818 1057 1827 ¹

111 1933 152 1990 N.
174 1931 223 1991 42.
244 1932 341 1994 QUIS
354 1932 567 2003 TANQUAM
584 1932 810 1993 PECCATOR
834 1933 1020 1997 PUBLICUS

210 2056 236 2112 A
252 2053 343 2113 COM
352 2053 528 2116 tlUNluN
532 2054 559 2111 E
577 2053 917 2116 REPELLENDUS?

109 2236 131 2294 l.
155 2236 326 2315 Repellerrdi
338 2243 408 2296 aurit
422 2241 478 2316 qui
498 2235 617 2315 publice
631 2236 767 2296 sciuntur
789 2246 974 2314 peccatores,
992 2237 1020 2297 ll.

150 2317 224 2376 Item
249 2321 448 2398 qainondam
473 2327 648 2396 repararunt
676 2317 826 2396 publicum
851 2319 1020 2390 scandalum,
1054 2378 1057 2393 Ι

149 2397 206 2456 ΙΙΙ.
228 2399 270 2460 Ut
283 2404 314 2458 in
331 2400 486 2458 Pastorclz'
499 2406 695 2457 recurrerentur.
738 2399 794 2459 IV.
820 2400 930 2466 Quoad
952 2418 1019 2459 acm·
1052 2439 1056 2457 -.

147 2481 209 2537 doli
221 2484 444 2557 reparationem,
469 2481 505 2538 V.
528 2481 733 2541 Irrltoeremlum
749 2489 793 2539 eat
812 2479 939 2540 littorali.
979 2480 1021 2539 Vl.

149 2561 187 2619 Io
202 2561 289 2619 dubio
303 2568 472 2621 recurratur·
496 2563 537 2620 ml
563 2562 751 2639 Episcopum,
775 2560 847 2620 Vll.
870 2563 975 2621 Elium
995 2565 1020 2621 ir

147 2643 263 2703 oucibus
276 2647 431 2721 eupresaio,
451 2647 480 2700 ai
492 2661 600 2703 morum
611 2644 774 2723 patiantur.

147 2825 172 2886 l.
196 2821 393 2887 Durntcrraa
409 2833 500 2905 potest
530 2828 591 2905 quis
613 2846 673 2884 esse
697 2834 826 2905 peccator
853 2826 982 2905 publicus
1002 2828 1023 2884 iu

105 2907 212 2979 ordine,
233 2919 265 2965 ut
277 2909 328 2988 ipsi
343 2920 458 2986 negetur
474 2907 660 2967 Eucharistiae.

149 2988 189 3043 1⁰·
213 2989 292 3047 Talia
312 2998 439 3047 censetur
465 2989 521 3060 iile,
541 2989 623 3065 cujus
649 2999 737 3046 status
758 2990 972 3067 peccaminosua
993 2996 1026 3045 ot

105 3069 240 3147 publicus,
263 3090 313 3126 seu
326 3069 362 3125 de
376 3090 432 3148 quc
447 3070 585 3127 notorium
598 3079 640 3127 est
653 3080 681 3127 et
696 3069 849 3148 publicum,
864 3069 943 3148 quod
955 3071 991 3126 sit
1002 3071 1025 3126 in

105 3160 180 3210 statu
194 3153 304 3228 peccati
320 3151 450 3221 mortalis,
473 3155 542 3226 putu
555 3154 576 3208 si
593 3153 621 3208 in
636 3153 749 3208 crimina
764 3151 857 3226 aliquo
880 3152 1026 3229 conspicia-

104 3241 284 3309 turpergere,
318 3239 367 3288 aut
389 3250 517 3309 peccasse
544 3234 649 3288 sciatur
675 3231 735 3288 sina
763 3233 933 3309 apparentia
948 3232 1026 3310 poeni·
1051 3228 1057 3291 l

104 3317 207 3370 tantiae.
250 3311 369 3370 Talibus
384 3313 445 3369 sinc
461 3315 628 3389 exceptione
647 3311 774 3389 neganda
796 3320 839 3370 est
866 3314 1027 3372 Communia
1055 3326 1057 3337 '

101 3392 188 3466 ,juxta
203 3393 250 3450 iric
264 3392 381 3451 inferius
391 3391 536 3452 tradenda.

146 3472 185 3530 II.
206 3473 250 3528 2⁰·
275 3475 437 3532 Peccatores
446 3473 550 3553 publici
563 3474 591 3530 in
604 3472 700 3531 ordine
714 3473 937 3548 adnegaiionem
949 3473 1026 3533 Com·

106 3555 247 3611 munionis
259 3558 340 3613 etiam
351 3562 500 3613 censentur
509 3553 617 3632 publice
625 3552 754 3626 infamas,
762 3554 829 3613 licet
838 3553 902 3632 jam
910 3555 1027 3633 legitimi

102 3635 199 3696 iorent
212 3635 332 3697 confessi
346 3645 375 3696 et
382 3633 548 3712 justificeti;
572 3634 707 3712 quamdiu
733 3632 841 3695 scilieet
867 3635 1027 3696 scandalum

674 3932 747 3962 Q
