2130 3990
275 213 318 259 na
336 211 547 259 mensuruus
566 212 600 258 rs·
621 197 760 259 saunari
935 198 987 256 101

25 366 28 371 '
69 357 312 440 quemadmodum
325 380 380 421 nec
392 359 536 421 Sacrificia
548 359 624 421 istius
638 359 737 439 legis:
759 356 826 419 binc
845 356 990 437 Eugenius

10 446 22 471 ²
71 438 123 499 lV.
147 440 179 500 in
204 439 333 503 Concilio
358 441 521 503 Florentino
542 441 623 501 dicit:
652 441 738 500 “Illa
761 459 815 500 acu
836 440 991 498 causabant

10 517 22 552 ’-
68 524 88 555 “
101 518 246 598 Gratiam,¹
265 522 315 583 sed
328 542 391 582 eam
405 523 496 582 soldm
509 540 558 602 per
573 522 731 582 Passionem
746 521 851 581 Christi
864 520 988 580 dandam

68 605 88 636 “
99 602 328 683 praefigurabant:
342 603 403 663 hec
417 613 512 663 autem
524 602 614 681 (nova
626 603 723 680 Legis)
748 603 893 662 continent
915 601 988 661 Gra.

70 685 88 717 ⁴‘
101 683 183 753 tiam,
203 691 234 747 et
245 702 310 744 eam
323 682 407 761 digne
421 685 632 763 suscipientibus
645 680 830 777 conferenti

10 780 22 797 ⁶
108 762 246 825 Probatur
259 784 297 825 ex
306 765 443 844 Apostolo
455 765 492 824 ad
503 763 570 824 Gal.
584 783 647 845 cap.
661 765 691 822 4.
705 782 729 823 v.
738 763 768 823 9.
782 761 830 823 ubr
844 762 895 822 illa
907 771 989 824 vocat

71 843 337 924 lurirmactcgerra
351 845 493 907 eumenia
500 868 511 903 .·
523 846 640 916 infirma
651 842 907 923 (inquisitam.
919 845 946 904 l.
957 849 986 902 2.

69 933 169 1005 quest.
193 925 260 987 103.
273 935 325 987 art.
339 925 370 987 2.
384 927 413 986 in
432 924 532 1006 Cup.)
548 927 683 1007 quianon
696 933 825 1004 poteraut
837 925 855 982 a
869 934 986 1004 peccato

10 1013 15 1039 ”
69 1005 222 1078 mundam?
244 1009 433 1086 egenaque
457 1027 513 1067 nou
541 1005 722 1067 continebant
739 1008 769 1066 in
793 1026 824 1064 se
848 1006 984 1066 Gratiam.

69 1085 143 1148 Vide
166 1089 255 1148 etiam
268 1087 306 1148 ad
317 1089 407 1148 Hebr.
421 1108 487 1168 cap.
498 1091 528 1150 9.
541 1109 564 1146 v.
579 1090 609 1149 9.
623 1096 652 1147 et
665 1106 727 1168 cap.
738 1088 767 1148 7.
783 1106 808 1146 v.
826 1085 873 1146 18.

106 1166 146 1226 11.
172 1168 210 1232 R.
222 1173 262 1228 2⁰·
284 1170 469 1229 Sacramenta
489 1171 586 1228 vetaris
600 1168 683 1247 Iagis
696 1168 839 1228 habebant
851 1171 905 1228 vim
921 1189 988 1227 con-

67 1246 176 1309 ferendi
189 1248 353 1310 munditiem
366 1256 397 1310 et
407 1251 593 1319 sanctitatem,
608 1249 732 1330 aliosque
744 1251 848 1310 similes
860 1249 986 1313 effectus,

66 1328 114 1389 sed
134 1329 243 1410 legales
264 1334 389 1402 tectim
411 1350 474 1412 qua
497 1336 561 1390 curn
574 1336 682 1390 verast
703 1333 812 1391 interna
836 1350 892 1391 non
917 1337 991 1389 esset

68 1410 229 1479 mundities,
248 1418 361 1471 vocatur
379 1412 416 1471 ab
442 1412 577 1495 Apostolc
604 1409 641 1471 ad
665 1410 757 1476 Hebr.
780 1431 805 1470 c.
834 1412 862 1472 9.
890 1432 915 1470 v.
943 1409 989 1470 13.

62 1488 368 1553 Emendaooearnn.

106 1572 178 1653 Obj.
202 1573 349 1654 Scriptura
369 1572 459 1633 Sacra
475 1572 583 1633 videtur
594 1571 743 1633 Sacrificiis
755 1581 785 1632 et
798 1574 989 1635 Sacramentis

66 1654 166 1714 veteris
180 1653 265 1732 Iegis
284 1653 405 1715 tribuere
417 1656 477 1713 vim·
495 1653 655 1714 remittendi
675 1662 811 1733 peccata:
840 1659 880 1714 sic
908 1656 989 1715 Ievi-

66 1734 112 1795 tici
124 1752 192 1815 cap.
206 1733 236 1794 4.
247 1741 277 1796 et
288 1734 320 1795 5.
330 1736 431 1816 sepius
444 1733 561 1797 dicitur:
579 1738 600 1772 ‘⁶
613 1733 715 1795 Orabit
727 1754 777 1815 pro
791 1755 825 1796 ac
839 1737 985 1807 Sacerdos,

66 1824 94 1875 et
104 1814 264 1876 dimittetur
275 1814 337 1877 ei.”·
430 1814 433 1821 ’

104 1895 145 1955 R.
171 1894 207 1956 Id
229 1894 440 1977 intelligendum
467 1916 528 1958 esse
548 1896 584 1958 de
601 1897 711 1977 peccati
729 1896 890 1956 remissione
903 1896 989 1975 legali

67 1976 183 2048 butum
204 1978 312 2039 scilicet
325 1979 418 2058 quoad
443 1998 558 2059 poenam
584 1978 723 2058 legalem:
741 1978 798 2054 qud
824 1979 989 2037 remissione

67 2056 164 2132 fiebat,
185 2065 220 2117 ut
241 2066 388 2138 paccatum
410 2059 519 2120 homini
541 2080 598 2119 ncn
621 2063 805 2139 imputaretur
823 2057 859 2116 nd
873 2077 990 2136 poenam

68 2137 126 2218 lege
138 2139 357 2199 comminatam:
379 2140 424 2200 val
437 2140 473 2199 de
486 2138 641 2201 sublatione
655 2137 895 2199 immunditiarum
913 2137 988 2216 lega-

10 2220 14 2287 }
68 2218 144 2294 licam
165 2240 229 2300 qua
242 2220 313 2280 nibil
327 2220 406 2280 aliud
419 2229 507 2293 erant,
530 2223 614 2300 quim
627 2218 814 2298 irregularitas
828 2218 966 2298 quadam.

9 2298 15 2335 ἶ
103 2298 203 2381 Hujus
216 2302 287 2361 ratio
297 2307 348 2374 ast,
359 2301 434 2381 qudd
447 2302 591 2361 Sacrificia
603 2301 653 2363 illa
666 2313 694 2359 et
709 2301 892 2360 Sacramenta
902 2307 991 2360 essent

10 2380 20 2416 ²
68 2378 306 2443 anldmdastiuata
330 2386 410 2442 certis
434 2382 601 2462 quibusdam
623 2380 773 2461 expiandis
801 2382 940 2461 peccatis3
965 2384 988 2439 si

10 2472 22 2497 ··
70 2469 159 2523 autem
177 2464 235 2522 vim
262 2460 426 2522 habuissent
447 2463 582 2543 expiandi
595 2472 715 2543 paccata
729 2462 820 2538 quoad
835 2462 947 2542 culpam
960 2471 989 2521 et

70 2552 176 2602 reatum
191 2562 281 2623 poenae
295 2551 416 2616 eterne,
426 2548 521 2604 omnia
533 2545 618 2604 simul
627 2545 804 2624 expiassent:
821 2544 885 2602 crim
899 2563 989 2602 unum

70 2633 214 2702 paccatum
234 2624 353 2684 mortale
375 2627 435 2684 sina
458 2624 514 2686 alio
539 2626 641 2687 remitti
664 2632 799 2703 nequeat;
817 2625 879 2702 jam
894 2636 989 2684 autem

10 2704 29 2746 “·
69 2714 142 2764 mant
154 2703 288 2784 quaedam
301 2706 444 2765 Sacrificia
457 2707 584 2767 instituta
595 2705 772 2785 singulariter
785 2724 836 2783 prc
846 2705 988 2783 expiando

68 2795 181 2863 peccato
216 2789 390 2865 ignorantia,
422 2786 551 2866 quasdam
578 2807 629 2866 pro
657 2789 774 2866 peccato
801 2805 837 2844 ex
870 2785 987 2853 malitia,

68 2864 159 3006 &cm
177 2948 215 3006 R.
230 2950 273 3005 2⁰·
289 2949 472 3009 Sacramenta
485 2952 513 3006 et
526 2945 671 3006 Sacrificia
684 2949 782 3007 veteris
810 2947 895 3026 Legis
922 2967 988 3006 con-

67 3025 207 3090 ducebant
218 3036 313 3089 tamen
327 3029 364 3088 ad
377 3027 699 3090 obtinendam'Gratiam
713 3048 751 3086 ex
764 3047 845 3108 opere
870 3048 986 3108 operan-

10 3149 13 3157 ·
67 3110 116 3181 ὣς
130 3129 184 3191 per
196 3109 246 3170 illa
257 3112 333 3170 anim
343 3110 422 3188 aeque
434 3130 469 3170 ac
489 3128 538 3188 per
551 3107 619 3167 alias
633 3111 755 3168 aciones
768 3111 919 3168 meritorias
933 3112 986 3167 im·

20 3205 24 3227 ‘
65 3192 212 3269 patrabant
226 3189 354 3251 Gratiam
369 3191 596 3262 etmerebantur,
625 3191 650 3248 si
674 3199 776 3251 catera
798 3189 928 3251 adessent
950 3189 988 3248 ad

65 3273 196 3331 meritum
208 3274 349 3350 requisita

10 3363 15 3380 ¹
101 3352 162 3412 Sed
176 3352 290 3432 quidde
302 3351 428 3413 remedio
439 3352 521 3429 Legis
536 3351 655 3413 Natura
669 3361 762 3416 contm
774 3358 921 3433 peccatum
934 3354 985 3412 ori·

63 3432 155 3513 ginale
170 3431 248 3492 etde
262 3433 501 3492 circumcisione?

101 3513 161 3572 IV.
181 3513 217 3573 R.
233 3514 336 3577 Quoad
350 3513 459 3573 adultos
472 3513 534 3592 (qui
547 3514 652 3574 scilicet
662 3512 721 3592 jam
749 3520 832 3572 antea
859 3513 988 3573 mundati

60 3595 181 3738 gxii}
192 3603 312 3675 peccato
325 3594 465 3675 originali)
482 3593 591 3655 videtur
603 3594 678 3653 idem
692 3612 726 3651 ac
752 3593 787 3652 da
814 3595 874 3656 aliis
889 3597 985 3654 Sacra-
