2130 3990
161 216 203 268 ar
223 224 427 269 anrrrnanms
447 210 625 268 naoarrvrsl
818 210 886 270 219·

48 378 70 432 t.
90 370 141 466 28,
161 374 227 431 dum
240 388 428 453 quoscumque
439 373 564 432 abortum
573 380 753 452 procurantes
772 372 876 431 eisdem

48 473 126 512 mnis.
401 504 404 510 .

48 541 125 594 enlm
138 537 179 594 uti
194 532 334 594 Dootmee
348 543 492 609 annotant,
520 556 575 593 non
589 535 661 594 idem
684 543 730 594 eat
752 556 875 613 quaerere

48 616 171 676 matianis
183 622 308 694 tempore
318 619 354 676 ad
367 617 479 676 abortus
493 617 662 696 puniendos:
683 638 716 675 uc
730 618 765 676 de
776 617 876 676 eodem

48 718 75 758 re
84 699 120 757 ad
132 696 274 756 abortivos
287 698 475 776 baptizandos.
517 697 651 774 AEquitns
664 698 747 772 enim,
768 720 829 777 quae
848 700 876 756 in

51 799 120 838 casu
132 779 169 837 ad
181 781 413 855 praesumendum,
433 780 517 838 loems
530 798 585 837 non
598 799 662 838 esse
675 780 821 852 animatos,
835 781 876 838 in-

49 862 80 919 in
92 860 215 919 secundo
228 861 264 919 ad
276 882 337 920 rem
349 862 438 920 serius
452 870 481 920 et
492 861 579 919 artius
588 860 800 938 expendendam
814 881 877 938 per·

62 961 99 1001 ne
111 940 181 999 forte
192 941 248 999 sint
260 943 383 1014 animati,
403 951 461 1001 eta
483 941 627 1018 Baptismo
640 951 795 1001 arceantur.

48 1022 88 1081 ilo
100 1023 190 1101 inagis
202 1023 325 1082 dilationi
335 1024 508 1083 animationis
516 1023 655 1081 blanditur
664 1021 730 1082 Lex
739 1024 785 1081 illa
797 1023 877 1081 Exo-

48 1112 90 1162 rta
111 1103 268 1162 versionem
292 1104 340 1162 70.
362 1104 584 1182 Interpretumr
616 1103 650 1163 Si
672 1108 880 1183 pugnauerint

48 1189 84 1245 tri
95 1195 124 1244 at
144 1189 349 1262 percusserint
361 1189 523 1264 gravidam,
547 1185 683 1265 (intellige
708 1187 880 1244 intercedere

48 1263 880 1348 em,)eteaierilinsanrenicanondumfhrmctua,mulctmn

48 1349 233 1427 tumulum
257 1351 400 1408 indixerit
423 1352 469 1407 va‘r
491 1346 633 1421 mulc'era'a,
653 1347 791 1428 dabitque
814 1367 879 1406 cum

48 1432 137 1489 natue
150 1453 162 1496 ,·
183 1439 214 1488 ut
226 1433 259 1488 ai
266 1429 411 1496 formator
428 1428 635 1509 suerilsoetur,
656 1429 739 1489 dabit
752 1433 881 1489 animam

48 1529 129 1568 ranna.

48 1590 131 1667 trimo
143 1591 219 1650 enim
231 1590 318 1669 Legis
340 1610 407 1648 casu
421 1590 595 1650 eximebatur
606 1610 754 1668 percussor
766 1593 785 1649 ia
796 1610 882 1669 poena

48 1673 88 1731 uis
111 1673 263 1731 homicidas
273 1673 440 1742 constituta3
463 1672 528 1749 quia
540 1672 670 1750 ignorare
682 1680 800 1750 poterat,
820 1693 881 1729 mu·

62 1763 170 1812 uterum
183 1774 298 1832 gerere:
318 1754 348 1811 in
371 1753 499 1811 secundo
521 1755 639 1812 eandem
655 1755 733 1812 luere
753 1752 884 1823 debebat,

48 1837 86 1894 od
112 1836 267 1915 praegnatio
292 1845 359 1893 tnnc
380 1834 527 1893 manifesta
548 1835 640 1913 ipsum
665 1834 883 1894 inexcusabilem

47 1997 74 2055 in
88 1996 162 2055 aliud
175 2005 298 2069 ematur,
318 2017 418 2074 nempe
430 2015 482 2074 pro
502 1996 678 2056 distinctione
690 1996 762 2054 inter
783 1990 883 2055 foetum

48 2089 105 2136 tum
119 2086 148 2136 et
160 2079 349 2149 inanimatum,
370 2087 465 2138 vetant
476 2099 590 2155 prorsus
604 2098 654 2136 sen
668 2077 811 2135 fluctuatio
822 2079 884 2154 plu·

48 2180 87 2217 im
101 2159 226 2232 Petrum,
258 2181 308 2219 seu
328 2160 499 2218 dissonantia
523 2161 639 2218 aliorum
661 2160 736 2217 cirea
749 2159 884 2238 originem

48 2247 140 2309 rum.†

48 2330 152 2400 utquam
166 2329 258 2380 autern
272 2321 385 2380 dubium
409 2323 584 2381 animationis
604 2331 714 2399 tempus
731 2321 886 2400 pervictam

48 2403 110 2461 enit
118 2405 375 2474 demonstrandum,
395 2404 477 2461 nullis
491 2403 632 2476 abortivis,
654 2404 737 2463 etiam
751 2402 885 2461 ‹lubibri-

48 2485 215 2564 enegandum
230 2505 293 2543 esso
308 2485 490 2561 Baptismum.
533 2484 691 2544 Secundam
705 2483 831 2556 Thesim‚
845 2488 887 2542 uti

48 2587 84 2636 m,
105 2568 250 2624 enucleare
264 2567 396 2637 conabor,
417 2576 475 2624 tum
488 2586 539 2644 per
559 2574 699 2625 momenta
725 2567 885 2624 intrinseca-

48 2648 258 2714 ationun1‚tum
281 2668 332 2725 per
355 2647 566 2706 intrinsecarum
589 2648 784 2707 auctoritatum
808 2647 885 2704 fulci-

48 2809 80 2867 ris
95 2809 212 2867 Thomae
227 2809 308 2869 Fieni
322 2808 520 2888 objectionibus
531 2811 665 2868 adverada
679 2806 887 2865 Aristotelicum

48 2911 91 2963 na,
112 2893 190 2948 multi
209 2891 356 2968 Tlreologi‚
377 2892 448 2949 inter
461 2912 531 2968 quos
543 2892 650 2964 Denta,
672 2889 827 2958 Cardenus,
842 2886 886 2944 Lu

49 2979 78 3044 ‚ss
99 2973 261 3044 docuerunt,
282 2973 365 3030 suetus
379 2973 531 3044 abortivos,
552 2971 635 3030 etiam
649 2968 886 3047 impatientissime

48 3063 103 3125 tos,
125 3073 187 3110 esse
199 3054 387 3130 baptizandos,
408 3055 432 3112 si
457 3055 524 3111 dent
536 3054 600 3111 vitae
624 3053 734 3131 signum
753 3071 804 3128 per
826 3069 886 3106 mo-

48 3135 124 3212 quia,
144 3136 315 3211 inquiebant,
335 3145 434 3211 putant
456 3135 539 3213 aliqui
565 3133 681 3206 Medici,
702 3133 776 3211 quod
802 3132 887 3188 foetus

48 3216 72 3273 ni
84 3225 150 3292 post
161 3237 274 3292 paucae,
294 3237 321 3272 v.
336 3237 363 3293 g.
386 3226 442 3274 tres
456 3227 505 3273 aut
530 3225 649 3294 quatuor
662 3216 720 3273 dies
738 3216 887 3287 iconcep·

66 3298 160 3358 statim
173 3299 328 3355 animentur
346 3298 437 3354 animai
450 3298 585 3356 rationali.

48 3506 71 3584 p‘.
88 3523 130 3569 m.
143 3539 166 3570 v.
179 3523 220 3570 ns.
276 3521 357 3569 evin
380 3521 453 3570 nom
473 3522 498 3573 n
515 3521 579 3569 mm
598 3521 703 3581 numu.
724 3535 746 3567 c.
768 3507 794 3566 ’4.
844 3517 894 3577 aa.

48 3601 74 3633 :a
84 3587 109 3633 in
120 3601 204 3648 opusc.
221 3586 245 3632 in
258 3588 331 3647 calce,
343 3586 417 3648 Apol.
435 3587 476 3634 Fr.
493 3585 573 3635 Vende
584 3599 629 3647 pro
639 3584 712 3641 Joun,
724 3584 820 3642 Caram,
835 3584 896 3642 Cur·

48 3650 278 3763 iguzrirgnndhirffli,
295 3651 367 3713 Disp.
387 3649 425 3698 14.
437 3665 459 3697 c.
471 3650 495 3697 3.
530 3650 568 3697 Lu
593 3649 664 3699 (iola
686 3648 714 3699 L.
735 3648 759 3698 ti.
782 3663 807 3710 p.
822 3647 843 3694 l.
863 3641 897 3692 de

419 3811 437 3859 Τ
