2130 3990
379 185 421 231 os
450 185 667 231 nuenariani.
924 172 986 234 307

48 352 120 392 casu
133 356 141 405 ;
173 333 254 392 sicuti
266 352 325 393 non
338 333 454 412 obligat,
467 335 491 392 si
504 332 641 393 Sacerdos
653 332 690 392 ad
704 333 826 393 eundem
833 334 920 394 finem
934 337 983 395 de·

48 414 135 473 berem
148 432 311 475 consecrare
323 416 386 475 eine
408 415 527 475 vestibus
546 418 643 488 sacris,
665 415 781 475 Latinus
795 418 824 474 in
846 416 984 495 panater-

48 503 190 568 mentato,
209 494 264 554 dre.

49 673 94 733 N.
114 674 165 735 ³8.
207 676 267 736 DE
295 675 573 738 IMMUNDITIA
598 675 811 737 CORPORIS
831 679 889 742 UT
914 679 980 738 ΙΜ-

192 796 453 858 ΡΕΒΙΜΕΝΤΟ
476 797 804 859 COMMUNIONIS.

293 979 432 1042 uriom.
447 990 550 1060 quast.
564 981 613 1039 80.
628 990 683 1042 art.
699 979 728 1038 7.

52 1159 77 1218 Ι.
103 1161 340 1223 communionem
355 1165 473 1241 impedit
488 1183 525 1222 ex
549 1167 731 1223 necessetate.
774 1163 815 1221 ΙΙ.
844 1160 976 1221 Pollutr'o

88 1242 252 1302 mortaliter
269 1243 433 1321 culpabilis.
475 1243 531 1303 III.
553 1243 625 1303 Alia
648 1244 744 1303 solum
764 1264 801 1302 ee
828 1248 973 1314 decentia,

88 1322 146 1382 IV.
168 1324 334 1404 Nier'jueta
347 1343 440 1384 cauea
454 1325 605 1402 abstergat
620 1326 826 1387 rirdecentr'anr.
869 1324 907 1384 V.
924 1325 974 1382 Si-

85 1403 199 1465 militer
212 1414 298 1466 actus
306 1405 488 1486 conjugalis.

84 1587 111 1648 1.
126 1590 178 1648 Du
191 1589 248 1649 hoc
260 1586 463 1670 impedimento
474 1597 580 1650 tractat
592 1591 623 1649 S.
634 1591 740 1650 Thom.
750 1591 813 1650 loco
826 1588 912 1648 citato
922 1609 968 1648 oc-

48 1671 155 1728 casione
177 1670 337 1748 pollutionis
370 1681 515 1731 noctumae
538 1681 670 1752 tanquam
693 1670 906 1749 frequentioris:
938 1690 973 1729 ea

48 1756 140 1809 umen
154 1771 260 1831 ponens
281 1754 427 1832 principia,
451 1773 513 1833 quae
536 1752 595 1812 aliis
618 1753 803 1812 immunditiis
815 1750 899 1810 facile
922 1772 972 1832 ap·

48 1828 190 1893 dicantur.
245 1835 339 1913 Atque
360 1837 616 1914 imprimis'statuit
640 1835 769 1913 generale
789 1833 971 1914 principium:

48 1910 150 1973 ¹cilicet
163 1914 251 1975 solum
266 1924 413 1994 peccatum
428 1915 546 1974 mortale
555 1914 682 1974 nondum
693 1935 740 1995 per
752 1916 971 1974 Sacramentum

48 1991 224 2054 ‚²oenitentiae
237 1999 382 2076 expiatum
396 1996 530 2075 impedire
554 2017 591 2054 ex
606 2000 768 2056 necessitate
781 1997 969 2132 sumptionem

48 2073 236 2148 dacherium,
256 2079 297 2135 ita
312 2097 412 2156 nempe
424 2077 496 2156 quod
512 2078 574 2157 quis
588 2077 748 2136 accedendo
762 2097 822 2135 reus
857 2086 885 2136 ut
900 2075 968 2135 Cor-

48 2157 112 2214 orie
126 2165 158 2214 et
172 2157 323 2236 Sanguinis
338 2159 462 2217 Domini.

75 2234 121 2295 II.
146 2236 195 2296 Ex
209 2258 262 2315 quo
276 2237 394 2298 infertur
424 2238 460 2295 l⁰·
489 2240 576 2299 solam
604 2239 788 2320 pollutionem
813 2237 968 2296 mortaliter

48 2314 222 2395 ulpabilem,
241 2321 338 2378 sivein
364 2340 403 2391 se,
425 2323 523 2379 sivein
538 2341 589 2378 sua
603 2341 694 2388 causa,
717 2335 746 2378 et
773 2319 895 2378 necdum
918 2338 968 2398 per

48 2400 236 2458 ueniundum
263 2403 404 2458 remissam
427 2401 562 2480 impedire
586 2421 623 2460 ex
647 2405 812 2459 necessitate
839 2420 964 2459 commu-

49 2478 170 2548 ionem;
191 2479 237 2538 ubi
252 2491 346 2540 autem
370 2485 481 2540 remissa
503 2491 553 2553 est,
573 2503 630 2540 non
652 2482 768 2561 impedit
782 2484 881 2540 nisiex
896 2502 962 2541 con-

48 2561 168 2633 ruitate‚
186 2561 236 2620 sed
249 2582 300 2640 per
313 2582 342 2621 se
355 2563 407 2622 sub
421 2565 495 2640 gravi
507 2563 619 2622 veniali.
733 2565 740 2575 ⁵

74 2639 135 2698 lIl.
158 2641 335 2702 infertum·
368 2644 560 2722 pollutionem,
594 2664 656 2722 quae
678 2643 738 2701 sind
763 2651 885 2722 peccato,
919 2643 963 2701 vel

50 2740 100 2778 um
112 2720 174 2781 solo
184 2723 281 2781 veniali
295 2723 495 2783 dormientibus
516 2724 627 2796 accidit,
648 2724 783 2801 impedire
806 2725 896 2784 solum
922 2744 962 2782 ex

49 2805 218 2880 ougruentia
244 2815 271 2862 et
294 2805 431 2879 decentia,
451 2807 557 2865 scilicet
579 2805 614 2862 ob
639 2804 791 2864 iaeditatem
819 2804 963 2883 quandam

49 2883 206 2962 orporalem
220 2896 249 2943 et
261 2887 450 2962 evagationem
465 2890 566 2944 mentis
584 2885 722 2943 ordinarie
735 2887 814 2964 sequi
834 2887 960 2944 solitam:

48 2963 108 3021 rude
118 2963 207 3043 juxta
221 2969 250 3024 S.
266 2966 503 3027 Thornametinm
515 2971 541 3024 in
557 2967 584 3025 4.
597 2969 670 3025 Dist.
682 2965 709 3024 9.
720 2966 918 3042 quaestiuncula
931 2968 959 3024 2.

48 3064 61 3102 n
79 3045 166 3123 Cory.
187 3045 271 3104 talem
287 3047 464 3126 pollutionem
480 3069 585 3127 passus,
605 3051 627 3105 si
641 3048 676 3106 ad
692 3048 807 3106 Sacram
823 3048 958 3106 Commu-

48 3128 145 3184 ionem
168 3126 293 3198 accedat,
320 3139 449 3206 peccaret
474 3131 616 3188 venialiter
648 3139 746 3187 contra
773 3131 955 3189 reverentiam

48 3208 215 3266 incramenta
226 3207 357 3267 debitam.

71 3285 128 3346 IV.
150 3286 209 3347 Sed
220 3289 431 3367 juxtaeundem
447 3291 597 3349 Doctorem
614 3291 801 3350 indecentiam
815 3291 893 3349 illam
907 3291 956 3351 ab·

50 3371 128 3447 tergit
140 3372 290 3429 necessitas
310 3391 359 3429 seu
374 3371 542 3430 rationabilis
570 3393 664 3444 causa,
685 3391 709 3430 v.
732 3392 759 3448 g.
784 3375 808 3430 si
829 3375 892 3451 quis
915 3394 953 3432 ex

48 3445 136 3508 >fficio
150 3449 288 3509 celebrare
302 3459 438 3521 teneatur,
460 3452 503 3510 vol
513 3452 598 3530 juxta
609 3456 814 3511 communitatis
828 3453 952 3531 regulam

48 3529 106 3589 artis
120 3530 218 3590 diebus
232 3535 455 3592 communicare:
477 3538 543 3592 item
561 3536 584 3591 si
599 3537 635 3592 sit
662 3533 721 3591 dies
747 3535 885 3610 solemnia,
906 3536 950 3594 vel

49 3612 154 3688 p'ecialia
168 3612 277 3675 devotio
290 3615 388 3677 invitet
400 3615 436 3676 ad
450 3614 724 3681 communicandum,
747 3612 801 3674 &c

488 3715 577 3776 203
