2130 3990
62 174 102 234 90
217 213 222 227 .
351 190 354 195 ·
438 180 612 236 caicamus

62 359 121 477 gua
134 335 199 396 non
202 336 275 410 est,
295 357 321 395 v.
335 354 363 415 g.
378 336 520 431 dispositio
535 337 669 396 debitain
683 333 809 414 subjecto
822 335 993 441 suscipiente

85 422 316 478 wammam

102 500 187 558 Salvii
200 508 294 557 autem
309 496 374 568 lide,
396 500 470 557 inter
484 497 645 559 catholicos
660 497 825 578 disputatur,
839 517 877 556 au
891 496 992 555 Sacra·

62 588 159 638 menta
172 599 250 637 novoe
265 580 333 657 Leg
309 600 349 637 ris
364 579 508 638 conferant
519 599 581 638 suos
593 579 710 638 effectus
721 580 851 656 physice,
876 598 913 635 an
930 586 992 636 tau·

65 663 128 718 tirm
141 658 249 718 morali
247 669 299 719 ter.

106 739 159 797 IV.
183 740 309 808 Quidam
333 747 429 798 tenent
442 742 635 801 causalitatem
649 738 804 819 physicam,
826 748 856 798 et
869 759 931 798 sese
945 759 992 796 ex·

66 820 183 898 plicant,
204 821 280 900 quod
292 822 484 896 Sacramenta,
504 824 763 902 tanquamDivinoe
772 821 992 899 Omnipotentia

67 906 257 972 instrumenta,
275 921 339 960 vere
359 912 389 960 et
412 904 523 962 realiter
545 894 717 963 concurrant
728 903 763 961 ad
784 901 993 998 productionem

67 981 239 1041 effectuum
232 1003 260 1041 rn
273 985 378 1049 anima,
397 1003 445 1062 per
467 988 595 1045 virtutem
609 983 873 1062 supernaturalem
860 1001 879 1038 a
891 982 992 1061 prioci-

67 1062 295 1157 paliagentesibi
307 1067 552 1124 communicatam
544 1074 644 1144 ,etper
654 1063 896 1124 modumactiouis
906 1072 992 1121 traus-

67 1164 122 1202 eun
126 1146 159 1200 tis
126 1144 224 1202 tsibi
237 1149 353 1219 unitam.

112 1223 151 1281 V
172 1224 229 1285 Qui
253 1214 317 1284 iero
340 1223 486 1283 adstruunt
504 1224 698 1284 causalitatem
720 1198 852 1284 moralem
876 1229 991 1297 tantum,

70 1305 167 1364 dicunt
190 1304 302 1384 quidem
327 1306 510 1364 Sacramenta
532 1326 586 1364 non
599 1325 661 1364 oasa
674 1306 751 1364 nuda
764 1304 930 1385 quedam
907 1324 991 1381 signo,

70 1405 122 1445 nec
137 1406 213 1445 mere
228 1387 305 1453 talia,
325 1386 426 1464 quibus
437 1388 545 1464 positis,
563 1389 640 1445 Deus
654 1387 783 1445 Gratiam
796 1385 936 1456 infundat,
948 1388 995 1445 aad

70 1487 129 1524 esse
143 1468 218 1526 velut
228 1467 411 1546 chirographa
424 1478 452 1525 et
464 1468 628 1526 authentica
640 1477 825 1526 monumenta
836 1469 924 1546 pacti,
943 1486 992 1542 quo

72 1549 150 1606 Deus
160 1568 191 1606 sa
200 1547 406 1627 quodammodo
416 1547 574 1620 obstrinxit,
583 1548 660 1606 utad
670 1552 844 1627 praeentiam
853 1551 991 1624 signorum

70 1629 320 1689 sacramentalium
345 1629 475 1686 Gratiam
498 1629 635 1688 conferret
655 1628 750 1688 debite
771 1627 992 1708 suscipientibus.

72 1709 129 1768 His
142 1709 295 1788 praemissisj
315 1712 467 1790 quaeritur:

72 1871 112 1930 N.
130 1872 175 1929 18.
195 1873 252 1930 AN
275 1869 571 1930 SACRAMENTA
592 1869 728 1930 NOVAE
748 1870 874 1930 Lucis
896 1868 996 1929 CON-

93 1953 270 2013 FERANT
286 1951 504 2011 GRATIAM‘
521 1951 577 2010 EX
592 1951 737 2010 OPERE
752 1950 978 2010 ornatio:

74 2115 98 2173 I
124 2114 321 2192 Conferant
308 2117 431 2181 arationi
456 2132 494 2170 ea
515 2122 599 2191 op'ere
620 2123 752 2192 operato.
801 2113 843 2173 11.
865 2114 999 2192 Eamque

112 2200 263 2255 continent
285 2195 555 2254 triatrrrmentaliter.
597 2195 655 2253 lll.
678 2195 824 2254 Probatur
846 2215 879 2252 ec
904 2193 1000 2272 Sonip-

78 2281 188 2336 maara
232 2277 287 2336 IV.
309 2277 382 2334 Et
363 2297 382 2335 c
395 2278 518 2335 ratione
585 2318 588 2325 «

115 2439 139 2497 l.
164 2392 283 2497 Docma
312 2435 354 2492 Ca
356 2434 489 2496 holrcum
518 2445 570 2510 est,
604 2437 786 2496 Sacramenta
813 2457 890 2495 novae
918 2436 1003 2516 Legio

74 2520 203 2593 Gratiam
232 2518 383 2582 continere,
405 2537 524 2595 eamque
558 2519 684 2576 conterre
704 2538 747 2577 cx
768 2538 869 2597 opere
880 2529 1003 2597 operato,

75 2600 240 2659 delinitum
233 2619 262 2656 rn
277 2597 404 2656 Concilio
416 2601 541 2657 Tndcnt
562 2618 630 2657 cass.
646 2598 674 2657 7.
689 2620 752 2658 can.
767 2600 825 2656 8.⁴
829 2599 885 2657 ‘de
901 2603 1003 2657 Sacra·

74 2684 175 2739 mentis
188 2683 217 2739 lo
235 2679 376 2757 genere?
400 2684 465 2738 '‘Si
479 2683 538 2758 quis
552 2680 661 2754 dixerit,
679 2700 728 2758 per
748 2681 809 2757 ipsa
825 2701 903 2738 nouae
919 2681 1005 2757 Legio

77 2770 95 2800 ⁴⁶
110 2764 293 2820 Sacramenta
304 2780 341 2820 ex
355 2780 437 2839 opera
451 2769 567 2839 operato
579 2780 635 2820 noo
650 2762 769 2821 conferri
783 2761 923 2828 Gratiam,
933 2781 1003 2822 anua

76 2847 95 2876 ‘⁸
110 2845 207 2902 thema
220 2845 265 2901 sit.
268 2841 285 2864 ''

117 2925 182 2986 Quo
191 2942 274 2982 sensu
286 2921 356 2980 dicit
364 2923 468 2982 ibidem
481 2922 650 2991 Concilium,
664 2923 810 2982 canoned
820 2925 1006 2983 Sacramenta

75 3009 165 3063 novae
162 3002 251 3080 Legis
266 3003 396 3062 Gratiam
411 3003 579 3063 continere?
732 3054 735 3060 ,

119 3085 157 3142 ll
183 3087 219 3142 R
243 3084 311 3142 Non
327 3102 406 3162 quaer
398 3085 524 3143 Gratia
530 3087 570 3142 rit
579 3086 609 3142 in
623 3084 817 3143 Smramoutis.
830 3056 863 3142 ut
872 3085 1005 3144 accidens

75 3169 106 3224 in
120 3164 317 3244 subjectatae
335 3170 367 3222 iu
379 3166 451 3238 loco,
471 3166 514 3224 vel
527 3165 639 3244 liquor'
632 3186 659 3224 ro
670 3184 747 3233 uase,
772 3165 817 3242 (ut
830 3168 944 3243 turpiter
957 3186 1005 3222 ca-

76 3249 231 3307 lumniatur
243 3245 404 3325 Calvinus);
416 3244 468 3304 sed
483 3247 557 3325 qutd
565 3245 696 3305 Gratiam
706 3247 870 3307 contineant
883 3247 1006 3306 causali·-

77 3339 119 3386 ter
132 3331 332 3386 etinstrumcnt
333 3325 418 3397 aliter,
438 3325 495 3394 vel,
516 3335 549 3385 ut
557 3327 625 3387 dicit
639 3327 778 3405 Steyaert,
799 3333 937 3406 qnatenus
946 3347 1004 3387 uon

76 3415 143 3466 sunt
155 3409 265 3466 tantum
280 3410 359 3484 signa
372 3407 486 3479 Gratiae,
507 3416 538 3466 ut
550 3409 598 3467 illa
611 3412 720 3466 veteris
724 3409 816 3486 legis,
830 3407 880 3465 sed
891 3418 923 3466 et
936 3428 1004 3467 cau-

78 3511 116 3548 sa
130 3489 363 3561 instrumentales,
384 3488 419 3546 de
434 3489 533 3574 quibus
546 3498 613 3546 eam
623 3488 784 3566 depromere
796 3489 888 3546 liceat

78 3569 212 3628 Proba
225 3575 322 3628 contra
335 3565 494 3629 Harctiooo
507 3566 563 3630 hoo
574 3568 760 3647 :Dogmt
705 3568 760 3628 Cat
761 3570 896 3629 holitum.
949 3622 952 3627 .

74 3651 181 3712 ·111.·
199 3650 237 3710 R.
258 3651 396 3712 Probatur
407 3651 855 3732 rmpnmracnScnpturabaora
863 3671 1005 3729 quecca

77 3738 170 3791 tauter
191 3732 444 3793 sanctificationem
468 3738 588 3792 nomm
610 3732 768 3793 atoihuit
757 3735 825 3812 ipsi
833 3735 938 3792 actioni
960 3753 1004 3790 aa·

669 3918 760 3965 Α
