2130 3990
374 202 414 245 os
435 200 652 244 accusareris.
912 183 970 243 311

48 348 99 405 ias
114 347 258 422 alienant:
280 345 386 406 firmior
399 354 494 404 autem
505 355 535 404 et
546 346 607 405 sola
620 343 765 424 adaquata
778 348 849 407 ratio
871 347 977 405 ridetur

48 428 294 494 roluntasChristi.
303 426 487 486 manifestata
498 447 548 505 per
560 436 733 486 constantem
742 426 878 487 Ecclesiae
894 448 974 486 nsum

48 509 223 568 conformem
234 509 365 588 exemplo
378 509 462 586 ipsius
477 507 581 567 Christi
594 507 686 567 dantis
699 507 753 567 hoe
762 508 976 568 Sacramentum

48 590 183 667 proditori
196 610 260 665 suo,
279 598 349 649 tuno
363 592 500 668 peccatori
513 588 634 648 occulto.

72 662 230 737 :Suadetur
243 672 328 728 ctiam
341 691 378 727 ex
391 671 576 728 incommodis
590 677 620 728 et
640 664 869 749 perplexitatibus
896 670 978 730 aliter

48 754 158 812 orituris
171 753 227 826 ipsi
241 752 374 811 Ministro
387 759 418 811 et
427 751 690 823 communicaturis;
711 750 842 831 quodque
856 754 884 810 in
895 752 975 811 Min-

48 834 142 892 isterio
146 834 269 973 publico
283 853 341 891 non
368 836 456 912 possit
482 833 665 892 condemnari
678 853 743 893 reus
760 853 797 891 ex
812 834 911 892 notitia
923 835 976 913 pri·

49 924 124 986 vata,
176 936 202 972 c.

89 995 161 1073 obj.
185 996 237 1054 iiio
251 1002 382 1073 peccator
395 991 533 1053 sumendo
548 993 757 1053 Eucharistiam
769 995 889 1071 graviter
914 1013 977 1073 pec-

53 1085 111 1135 cat:
134 1096 200 1154 ergo
215 1075 344 1135 Minister
356 1075 435 1135 iliam
451 1074 544 1134 dando
559 1085 721 1153 cooperatur
735 1075 798 1152 ejus
812 1082 938 1155 peccato.

90 1159 131 1216 R.
154 1160 231 1236 Neg.
257 1176 368 1234 conseq.
392 1158 460 1235 quia
475 1157 607 1217 Minister
623 1177 661 1214 ex
676 1156 780 1215 Christi
794 1155 932 1217 voluntate
945 1177 976 1214 sc

52 1239 139 1297 habet
153 1241 230 1297 mere
243 1237 403 1318 permissiv'e
416 1237 453 1297 ad
466 1236 539 1295 istud
562 1250 708 1315 peccatum
732 1237 919 1316 suscipientis,
941 1237 979 1296 ad

52 1319 217 1378 obviandum
232 1317 416 1378 incommodis
431 1338 468 1377 ex
482 1317 665 1396 denegatione
675 1321 829 1390 secuturis;
851 1316 926 1376 unde
949 1320 978 1377 in

48 1401 121 1461 iliud
134 1408 284 1481 peccatum
297 1420 351 1459 non
366 1408 492 1458 censetur
504 1397 629 1465 influere.

91 1480 264 1540 Remedium
279 1483 325 1540 hic
345 1483 363 1538 a
387 1479 551 1560 quibusdam
566 1483 688 1557 positum
710 1498 761 1557 per
781 1482 980 1559 porrectionem

48 1563 166 1622 Hostiae
181 1583 235 1620 uon
251 1569 421 1621 consecratae
442 1562 518 1621 recte
531 1559 622 1637 rejicit
634 1565 663 1621 S.
681 1560 786 1620 Thoan.
801 1560 855 1620 hoc
869 1562 930 1620 ioco
944 1565 979 1619 ad

48 1647 77 1703 2.
93 1654 125 1701 et
137 1642 332 1703 condemnarit
346 1642 527 1701 innocentius
541 1641 595 1699 xl.
606 1643 634 1699 in
649 1643 839 1721 propositione
852 1641 981 1702 tavida

48 1727 146 1784 Num.
168 1724 219 1784 43.
240 1726 276 1784 de
290 1725 527 1784 sacramentaria
540 1741 657 1801 genere.

51 1912 92 1969 N.
115 1910 165 1970 41.
180 1908 239 1968 AN
256 1907 450 1971 COMMUN
454 1905 499 1967 10
516 1905 732 1967 NEGANDA
747 1905 813 1966 SIT
830 1905 980 1967 PECCA-

349 2038 457 2100 TORI
480 2035 687 2100 PUBLICO?

296 2221 327 2281 S.
346 2222 444 2282 Thoen.
462 2224 557 2300 qrraest.¹
570 2221 619 2280 80.
634 2226 689 2280 ort.
704 2220 734 2282 6.

53 2404 79 2463 1.
103 2401 269 2463 Peccatori
283 2403 404 2484 publico
426 2409 555 2481 negatur
585 2403 761 2478 Communia,
784 2406 825 2464 ΙΙ.
851 2402 886 2461 Sr'
912 2403 984 2463 tales

93 2489 174 2543 certo
187 2489 313 2558 sciatur,
336 2485 392 2545 Ili.
415 2483 595 2544 Publr'cr'tote
608 2485 703 2553 duris,
726 2485 781 2546 IV.
800 2485 859 2544 Vel
858 2484 952 2565 sacti.

94 2665 119 2724 1.
157 2666 335 2727 Procnen
359 2666 480 2747 publico,
502 2659 559 2727 sive
580 2668 692 2747 publice
713 2671 770 2726 sive
794 2667 906 2727 occult‘e
932 2688 979 2746 pe-

53 2748 133 2815 tenti,
151 2751 280 2823 neganda
292 2758 336 2809 est
349 2751 436 2807 Sacra
443 2748 611 2809 communio
624 2770 630 2804 :
645 2754 710 2826 quia
723 2749 770 2806 hio
783 2750 892 2827 proprie
906 2759 986 2826 urget

54 2838 230 2907 praeceptum
248 2829 350 2888 Christi
367 2829 472 2889 Matth.
488 2850 549 2909 cap.
565 2832 593 2888 7.
608 2850 632 2887 r.
643 2831 672 2887 6.
688 2830 793 2888 Nolite
811 2832 880 2887 dare
893 2829 983 2888 Sanc-

54 2919 113 2966 tum
130 2910 252 2968 cunibus
266 2931 316 2989 per
330 2933 399 2990 quos
408 2912 494 2990 juxta
507 2915 537 2969 S.
553 2911 696 2969 Thomam
708 2910 760 2969 hic
775 2910 811 2967 od
830 2909 855 2966 l.
884 2930 985 2989 pecca·

55 2998 127 3048 tores
156 2991 298 3050 manifesti
323 2993 523 3070 intelliguntur.
567 2993 631 3049 Nec
658 2992 706 3050 hic
733 2990 846 3049 aliunde
873 2993 986 3049 obstant

55 3071 246 3145 incommoda,
266 3076 338 3132 sicut
350 3073 417 3133 dum
432 3081 578 3150 negaretur
591 3074 732 3151 peccatori
746 3071 855 3130 occuito
869 3072 982 3152 publice

88 3156 170 3211 tenti.

55 3172 141 3290 peli.
169 3234 255 3292 Porro
277 3234 314 3292 ad
328 3233 520 3313 repellendum
536 3233 679 3313 pubiicum
694 3244 867 3314 peccatorem
896 3232 986 3312 (idom

57 3323 96 3370 ert
109 3313 147 3372 de
160 3316 275 3373 occulto
289 3316 397 3375 occulti
413 3316 539 3394 petente)
557 3336 612 3373 non
633 3313 735 3374 sufficit
747 3318 844 3395 aliqua
857 3316 985 3392 suspicio,

59 3394 98 3452 vel
112 3394 230 3453 dubium
246 3407 296 3455 aut
319 3416 411 3454 rumor
436 3397 535 3475 aliquis
559 3415 645 3473 vagus
672 3406 700 3455 et
725 3397 854 3465 incertus,
878 3397 988 3455 etiarnsi

58 3473 201 3552 pubiious;
222 3476 273 3534 sed
298 3479 443 3556 requiritur
464 3479 563 3536 notitia
586 3476 716 3556 quaedam
743 3486 830 3548 certa,
852 3478 894 3536 rel
920 3475 987 3535 huic

61 3558 235 3636 equivalens,
256 3577 357 3636 nempe
377 3560 507 3636 suspicio,
530 3578 592 3635 quae
609 3558 712 3616 dicitur
727 3556 870 3618 uiolenta:
893 3566 924 3614 et
949 3559 990 3613 ita

59 3637 176 3713 publicis
203 3637 398 3718 peccatoribus
413 3650 602 3711 accensentur,
622 3641 670 3718 qui
691 3638 801 3720 publice
815 3638 850 3698 de
875 3639 988 3697 crimine
