2130 3990
314 165 356 208 nn
378 163 600 210 nuceanrsrras
891 140 956 210 343

48 309 111 377 rire,
133 308 189 369 sed'
208 308 365 370 satisfaciat
392 310 629 371 communicando
650 309 811 390 postillam
832 310 950 389 quinde-

48 411 90 448 ω·
456 436 457 440 ¹
951 410 954 415 .

48 471 111 531 lX.
126 471 293 532 Generatim
306 479 401 532 temen
416 481 446 530 et
457 473 518 530 sine
532 472 714 539 distinctione
728 471 796 530 dicit
809 472 953 552 Steyaert,

48 553 266 633 inprovidens,
285 575 317 613 se
338 557 368 612 in
385 553 526 612 Paschate
544 556 651 613 ratione
673 552 869 633 impedimenti
891 574 949 613 non

48 638 295 707 nmunicaturum,
317 636 471 713 praevenire
494 634 595 693 debeat
617 637 719 710 potiris,
740 636 825 711 quam
848 644 951 713 postea

48 716 159 794 eplere3
189 719 243 775 nisi
264 715 415 775 fortdcum
442 715 564 774 Pastoris
587 715 715 788 licentia;
746 715 865 794 haecque
886 736 949 775 sen·

48 799 105 854 itia
120 799 202 856 tutior
214 803 272 856 est:
293 797 370 855 unde
383 797 469 856 etiarn
484 806 581 855 monet
597 796 892 870 Pontas',sati1isesse,
907 805 947 867 ut,

48 877 56 935 l
72 877 133 936 lroc
146 898 221 937 anno
233 879 319 937 etiam
335 877 538 936 Eucharistiam
553 880 709 957 recepisset,
725 877 845 935 eandem
854 876 949 936 adhuc

48 963 78 1016 ta
90 968 204 1038 tempus
220 957 357 1018 Paschale
370 958 512 1037 reciperet.

48 1040 102 1098 An
117 1041 174 1109 ille,
195 1043 243 1120 qui
270 1043 401 1119 prevenit
426 1048 539 1118 tempus
568 1039 715 1110 Paschale,
735 1038 800 1119 quia
827 1039 948 1099 timebat

48 1119 247 1199 pedimentum
272 1120 407 1194 futurum,
429 1124 530 1180 iterum
544 1121 571 1177 in
597 1121 740 1200 quindena
754 1119 885 1179 Pascheli
898 1121 947 1178 de·

48 1209 77 1259 et
103 1203 319 1275 communicare,
344 1203 368 1260 si
390 1203 482 1282 ipsum
510 1201 743 1281 impedimentum
772 1200 866 1260 reveri
891 1221 947 1260 non

48 1282 112 1343 nsit.

48 1360 90 1428 X.
114 1364 151 1424 R.
173 1363 240 1422 Hoc
259 1360 417 1444 disputatur
429 1366 571 1443 utrimque
585 1363 788 1443 probabiliter;
813 1360 862 1424 sed
875 1365 943 1443 quia

48 1445 135 1503 iones
157 1446 305 1503 sententia
327 1446 464 1522 negativa
493 1466 550 1503 non
578 1455 645 1503 sunt
664 1449 865 1517 convincentes,
884 1444 948 1504 ideo

47 1525 108 1584 ieie
130 1524 284 1584 monendus
307 1529 430 1604 quisquis
458 1525 696 1585 Communionem
722 1529 894 1606 anticipavit,
918 1533 949 1586 ut

48 1610 116 1680 und,
135 1607 201 1666 ciem
215 1615 316 1687 potest,
337 1609 364 1665 iu
381 1607 521 1665 Peschete
534 1610 733 1666 communicet.

67 1792 116 1848 61.
150 1789 179 1848 A
199 1787 301 1859 QUO,
337 1789 393 1847 ΕΤ
414 1789 488 1852 UBI
509 1789 717 1851 SUMENDA
748 1789 815 1849 SlT
837 1787 943 1848 COM-

264 1888 406 1951 MUNIO
429 1890 692 1951 PASCHALIS?

66 2095 94 2152 A
117 2099 243 2175 proprio
270 2094 406 2166 Pastore,
436 2095 478 2154 Il.
524 2094 583 2154 Vel
606 2097 671 2176 ejus
696 2095 838 2174 delegato.
883 2095 941 2155 Ill.¹

393 2176 541 2255 Exempli.
830 2188 833 2193 '
937 2201 939 2205 ·

47 2359 72 2418 Ι.
96 2359 192 2420 Rosa
214 2360 357 2421 Sumenda
370 2372 413 2422 est
428 2362 444 2422 ὲ
459 2362 589 2422 manibus
604 2365 709 2442 proprii
723 2361 898 2421 Sacerdotis:
914 2359 944 2418 id

48 2438 124 2501 idem
138 2445 167 2501 in
181 2442 255 2520 Cep.
266 2445 373 2504 OMurs
388 2460 572 2510 urarusuuc
587 2461 693 2512 sexus,
709 2442 816 2502 directe
829 2461 888 2501 non
901 2441 943 2500 di·

48 2543 96 2597 ur,
119 2523 171 2583 sed
184 2522 354 2583 sufficienter
367 2527 522 2584 insinuatur
536 2547 574 2584 ex
588 2545 632 2596 eo,
646 2526 722 2604 qudd
735 2523 864 2584 Ecclesia
865 2542 944 2662 prae-

48 2605 115 2663 tiens
130 2604 343 2664 Confessionem
357 2626 479 2665 annuam
491 2608 603 2687 proprio
614 2606 761 2665 Sacerdoti
772 2605 864 2664 facien
885 2623 942 2674 em,

48 2688 101 2745 tim
116 2685 285 2765 subjungat:
306 2689 472 2766 susceptoris
498 2695 670 2756 reverenter,
694 2688 748 2746 &c
759 2690 829 2745 item
843 2705 881 2743 ex
896 2703 940 2755 eo,

48 2764 83 2825 dd
94 2769 186 2826 statim
202 2777 266 2846 post
280 2766 315 2826 de
329 2767 428 2828 eodem
454 2771 554 2827 iterum
571 2771 676 2827 mentio
700 2767 750 2828 fiat
772 2787 823 2847 pro
848 2763 942 2824 danda

48 2851 123 2907 sotis
136 2848 369 2908 communionem
380 2847 537 2909 differendi.

48 2926 80 2987 [d
93 2931 181 2988 otiam
196 2938 306 2988 constat
329 2950 367 2988 ex
389 2931 591 2990 consuetudine
614 2932 671 2989 vim
698 2930 767 3008 legis
794 2927 940 2988 habente:

48 3009 105 3069 lroc
119 3009 328 3084 rationabiliter,
342 3029 447 3090 nempe
461 3019 492 3071 ut
504 3010 604 3070 melitis
617 3011 761 3091 invigilare
780 3012 874 3090 posset
887 3008 943 3067 Po-

48 3088 120 3158 rhus.
134 3112 169 3150 an
182 3094 278 3175 omp'gs
295 3091 430 3150 Ecclesiae
444 3102 584 3171 praecepto
595 3093 781 3152 satisfaciant.
936 3088 942 3111 ³

48 3170 104 3232 Per
126 3169 268 3252 proprium
284 3172 463 3232 Sacerdotem
478 3177 574 3253 itaque
588 3173 752 3252 intelligitur
767 3174 864 3233 Pastor
891 3190 944 3230 seu

48 3251 162 3328 rochus,
176 3262 205 3315 et
232 3252 387 3313 rocedeudo
397 3254 414 3312 rt
424 3257 523 3313 minori
535 3254 571 3314 ad
583 3254 687 3335 majus,
694 3256 780 3314 etiam
788 3255 943 3339 Episcopus

48 3335 132 3414 >prius
159 3343 189 3394 et
213 3274 360 3395 lentiscat.
418 3335 622 3415 intelliguntur
655 3339 742 3396 ctiam
769 3335 891 3415 delegati
926 3334 944 3399 ὲ

48 3421 134 3474 stone.
929 3431 933 3437 ·

48 3493 85 3552 ll.
109 3497 140 3556 N
142 3498 238 3557 omine
265 3498 369 3579 proprii
382 3497 546 3558 Sacerdotis
559 3497 720 3560 nullatanus
733 3500 845 3558 venient
860 3497 944 3563 Reli·

48 3577 83 3647 si,
108 3579 158 3657 qui
180 3582 306 3658 quamvis
319 3599 358 3639 ex
385 3578 528 3639 Pontificio
543 3582 720 3641 concessione
734 3583 840 3661 possint
865 3578 945 3636 cxci·
992 3578 996 3593 ¹

48 3657 269 3722 econfessiones
291 3669 418 3743 tempore
439 3660 582 3736 Paschali,
602 3681 659 3723 non
688 3669 783 3724 tamen
807 3661 945 3722 Commu·

428 3789 514 3861 2r3
