2130 3990
100 194 157 255 180
458 210 650 257 nuncnune

99 448 140 508 N.
154 446 206 508 28.
220 446 279 508 AN
301 446 526 508 BAPTiZARI
547 445 726 508 POSSINT
739 446 788 509 IN
791 447 967 510 FANTES'
976 446 1019 511 lu

357 528 504 591 UTERO
523 528 755 623 mutuum

99 691 124 751 Ι.
141 688 249 769 Irrs‘ans
261 692 291 750 iu
306 695 388 752 utero
400 692 535 751 existens.
566 690 606 750 II.
629 692 725 752 Juxta
732 692 840 771 plures
855 710 915 751 non
923 702 1017 773 potest

138 771 290 850 tapsum,
321 769 376 829 III.
391 773 543 852 ccdjucto
555 771 632 832 ulios
640 779 748 851 potest.
777 772 834 833 IV.
851 772 943 840 Quot
954 774 1014 835 ulti·

138 872 217 912 mum
230 852 316 912 habet
329 851 421 913 locum
437 858 469 913 in
478 858 583 934 prcm',
602 854 641 914 V.
654 854 707 914 sub
721 858 809 914 certic
822 852 957 915 cautelis.

141 1016 233 1077 unse.
249 1015 287 1072 1⁰·
311 1017 343 1076 Si
357 1016 451 1095 alique
463 1032 526 1096 pere
538 1015 651 1076 infantis
661 1017 722 1096 jum
736 1020 815 1078 sitin
828 1018 925 1079 iucem
939 1018 1011 1095 edite,

99 1104 241 1236 potestbpt
260 1096 343 1157 dubet
359 1100 389 1157 iu
410 1119 445 1157 ee
467 1098 603 1178 baptizari
617 1102 645 1158 in
660 1119 727 1158 casu
741 1102 924 1172 necessitatis,
942 1099 1012 1181 juxte

100 1180 178 1239 dictu
225 1198 283 1236 um.
298 1179 327 1238 7.

140 1260 166 1319 Ι.
189 1258 233 1315 2⁰·
254 1258 350 1318 Infans
369 1260 397 1317 in
420 1266 499 1318 utero
520 1262 643 1320 existens
667 1260 744 1320 nullo
763 1260 848 1321 modo
861 1269 955 1341 potest
966 1260 1011 1321 dici

99 1341 232 1420 beptinuti
257 1340 403 1420 Baptismo
425 1341 531 1411 mutuis,
552 1343 575 1398 si
593 1340 667 1402 forte
691 1343 835 1421 continget
857 1351 926 1401 tunc
946 1342 1011 1401 ilium

98 1421 252 1501 baptizari:
283 1423 349 1497 quie
362 1419 518 1480 secundum
531 1424 655 1482 unimam
668 1428 698 1482 et
711 1442 810 1505 corpus
822 1421 916 1483 infans
929 1430 1012 1483 conus

99 1508 217 1561 matrem
230 1500 412 1580 distinguitur.

140 1583 182 1643 3·-
198 1581 283 1643 Unde
297 1585 320 1641 si
334 1586 375 1641 itu
387 1584 496 1642 clausus
508 1584 545 1643 sit
557 1583 585 1642 in
600 1593 677 1644 utero
691 1586 795 1655 matris,
816 1592 849 1645 ut
859 1584 933 1664 aqut
946 1584 1012 1661 tangi
1057 1596 1059 1601 '

101 1670 131 1724 et
143 1664 219 1724 ablui
233 1682 290 1722 non
302 1665 398 1743 possit,
418 1665 552 1723 inutiliter
572 1674 600 1724 et
622 1665 717 1724 itlicite
732 1672 855 1725 tentetur
866 1666 1011 1747 'Baptismt2

101 1747 167 1825 quio
180 1744 287 1804 ablutio
295 1752 337 1805 est
350 1744 386 1803 de
400 1747 562 1803 necessitate
576 1746 761 1804 sacramenti.

141 1825 181 1881 4⁰·
208 1824 265 1884 Sed
281 1827 393 1904 quaestio
406 1832 456 1895 est,
476 1831 565 1884 uuum
577 1846 646 1904 puer
659 1826 779 1886 totaliter
791 1826 887 1886 adhuc
899 1829 928 1887 in
942 1835 1012 1887 utero

102 1906 224 1966 existent
236 1908 323 1985 possit
336 1904 428 1966 valide
440 1905 588 1985 baptizari,
598 1910 621 1966 ei
631 1907 764 1966 inchoato
778 1911 925 1989 puerperio
938 1907 1015 1988 ponit

102 2007 187 2047 monn
208 1995 257 2045 eut
279 1988 336 2046 elio
360 1990 541 2046 instrumento
554 1989 627 2065 aqut
640 1987 787 2067 perfundi:
804 1992 850 2048 ‘uti
862 1990 923 2048 fieri
936 2006 1013 2067 posse,

100 2088 138 2129 ex
151 2066 320 2127 medicorum
334 2076 362 2127 et
375 2066 554 2126 obstetricum
570 2071 733 2128 testimoniis
745 2072 813 2129 sutis
827 2067 956 2130 constet?
1003 2092 1007 2097 ’
1052 2062 1059 2105 ¹

143 2150 183 2209 11.
211 2149 249 2207 R.
275 2149 442 2227 Negetivum
461 2153 628 2208 sententiam
648 2154 832 2209 communiter
846 2158 943 2210 tenent
954 2149 1014 2209 anti-
1053 2124 1059 2207 i

101 2232 148 2309 qni
161 2227 283 2288 etmulti
296 2232 472 2303 recentiores,
491 2249 608 2307 eumque
622 2232 740 2311 probant
753 2231 931 2312 sequentibus
944 2248 1015 2311 ergn-
1051 2212 1059 2339 1

101 2311 221 2370 mentis:
389 2309 394 2320 '
932 2358 936 2377 ,

144 2392 182 2449 1⁰·
208 2391 286 2458 Quin
307 2410 358 2470 per
382 2391 557 2469 Baptismnm
582 2392 666 2451 homo
680 2395 838 2467 renascitur,
855 2390 1017 2472 juxtaillnd
1055 2386 1058 2391 ’

100 2473 186 2532 Joen.
196 2490 257 2548 cup.
268 2472 298 2532 3.
307 2492 332 2529 v.
342 2471 372 2528 3.
386 2470 463 2530 Nisi
468 2476 535 2550 quie
547 2474 770 2551 renutussuerit
779 2477 885 2548 denuc,
896 2476 950 2533 &m
959 2476 1018 2533 ium

100 2574 125 2611 v.
151 2552 179 2610 7.
202 2555 279 2630 utqui
301 2573 384 2611 nemo
400 2563 490 2631 potest
503 2553 559 2611 dici
573 2556 649 2611 nesci
664 2554 757 2614 denuo
772 2574 818 2613 sen
833 2557 953 2628 renasci,
973 2554 1018 2612 nisi

99 2633 176 2714 prius
189 2631 273 2692 fuerit
286 2642 385 2694 natue:
400 2637 427 2692 in
443 2654 509 2692 cusu
523 2642 617 2693 nutem
633 2655 701 2712 puer
715 2656 768 2693 non
784 2644 827 2694 est
839 2642 939 2693 natus:
954 2653 1019 2712 ergo,

101 2718 155 2775 &c
176 2712 217 2770 2⁰·
231 2715 280 2773 Ex
294 2715 461 2775 authoritate
475 2716 571 2773 Sancti
585 2717 743 2792 Augustini,
754 2736 837 2796 quern
852 2717 920 2774 citet
933 2732 1019 2792 argu·

99 2800 194 2854 mento
205 2796 259 2855 sed
270 2803 384 2863 contra,
405 2804 433 2854 et
446 2797 571 2869 sequitur
584 2797 614 2853 S.
630 2795 766 2855 Thomas.
796 2796 838 2853 3⁰·
858 2797 906 2855 Ex
919 2794 1020 2855 Ritnuii

103 2875 245 2948 Romano,
256 2877 330 2952 quod
339 2875 438 2935 Titnlo
450 2879 485 2935 de
495 2873 679 2954 baptizandis
682 2874 817 2954 perculis
830 2876 915 2935 dicit:
934 2874 1022 2934 Nemo

101 2959 132 3014 iu
149 2964 229 3016 utero
243 2961 346 3016 matris
359 2956 481 3016 clausus
490 2954 641 3036 baptizare·
656 2959 742 3017 debet.
760 2960 800 3017 Et
814 2956 957 3016 Pastorele
968 2974 1021 3014 nos·

101 3047 175 3095 trum
190 3038 291 3096 eodem
306 3039 420 3097 Titulo:
442 3038 536 3097 Nemo
548 3043 579 3098 iu
591 3045 672 3098 utero
686 3044 788 3098 matris
799 3037 920 3097 clausus
935 3037 1023 3116 tepti-

103 3121 283 3194 ccripcteet.

141 3199 198 3258 III.
212 3197 299 3258 Multi
309 3199 417 3256 interim
428 3200 592 3257 recentiores
602 3205 811 3280 tenentpartem
823 3197 1026 3274 affirmativum,

100 3299 188 3358 quem
201 3283 288 3340 etiem
301 3278 375 3337 vane
390 3278 507 3358 probare
519 3287 670 3339 conentur:

144 3360 184 3418 1⁰·
219 3361 315 3421 iniens
335 3360 363 3417 in
387 3377 452 3417 cusu
475 3368 517 3418 est
539 3378 602 3417 vero
623 3381 703 3419 sensu
726 3369 816 3431 natus,
847 3361 934 3440 juxte
960 3360 1028 3421 illud

102 3440 234 3501 Mutthaei
248 3461 314 3521 cup.
330 3439 358 3500 l.
371 3461 396 3500 v.
411 3441 461 3500 20.
476 3441 512 3500 ab
526 3440 634 3517 Angelo
648 3441 756 3500 dictum
770 3442 917 3522 Joseph0:
944 3442 1031 3509 Quod

100 3526 177 3581 enim
199 3527 230 3582 in
252 3544 288 3582 ec
308 3529 409 3582 natum
429 3529 484 3595 est,
504 3524 539 3580 dc
563 3520 682 3598 Spiritu
706 3524 817 3582 Sancto
839 3528 892 3582 cot:

137 3602 165 3660 2·
181 3603 260 3664 Telis
273 3602 442 3662 sufficienter
462 3612 544 3662 nutus
567 3610 619 3674 est,
640 3612 670 3662 ut
706 3605 852 3663 contrahat
876 3612 1030 3682 peccatum

98 3685 237 3765 orignule:
259 3705 324 3764 ergo
338 3687 432 3753 etium,
454 3692 484 3746 ut
497 3686 550 3766 ipsi
562 3684 717 3765 applicetur
730 3684 896 3745 remedium.
