2130 3990
102 200 163 263 260
478 213 654 257 cancrosus

107 362 312 423 discedentibus
335 363 461 420 maxima
497 360 588 418 solent
619 359 745 420 exhiberi
769 361 927 422 dilectionis
951 366 1030 443 signs,

108 465 171 524 queo
185 448 270 503 etiam
286 446 375 520 magis
393 444 538 500 memorien
553 441 791 504 commendantur.

151 526 220 603 (lbj.
236 525 304 584 Hoc
313 528 524 582 Sacramentum
533 533 575 579 est
589 524 751 581 memoriale
761 524 907 584 Passionis
918 525 1031 587 Christi:

107 627 173 685 ergo
188 608 416 664 inconvenienter
428 604 480 663 fuit
493 604 653 661 institutum
675 616 741 662 ante
753 605 928 665 Passionem.

152 689 187 747 R.
212 687 287 764 Neg.
308 705 417 762 conseq.
439 686 515 754 Quia
533 683 619 762 juxta
632 685 663 742 S.
689 685 793 744 Thom.
810 685 873 747 loco
888 690 975 747 nitstn
998 690 1028 748 sd

108 767 138 824 3.
154 771 226 826 istud
242 774 455 825 Sacramentum
468 764 522 822 fuit
543 768 701 823 institutum
725 769 753 824 in
774 767 875 835 Coena,
899 777 931 826 nt
943 772 969 827 in
990 770 1028 828 iu·

107 859 201 908 taurum
216 862 288 908 esset
301 847 461 905 memoriale
483 846 643 904 Dominicae
671 847 820 921 Passionis,
839 850 877 906 ed
903 848 1026 928 perfecti

108 929 195 990 Unde
208 931 351 1006 signanter
364 927 452 986 dicit:
475 926 545 984 Haec
567 931 806 1006 quotiescumque
827 929 1026 997 [cousuetudo
1062 940 1065 988 f

60 1048 65 1057 ·
108 1010 202 1070 futuro
214 1009 340 1088 loquens.

108 1212 148 1272 u.
170 1213 198 1269 s.
212 1211 270 1270 na
288 1211 361 1271 om
375 1174 698 1305 rusuiuurroms
716 1208 1017 1273 nucnonrsrm.
1060 1208 1061 1213 ‘

107 1394 130 1452 l.
162 1394 312 1452 Sententia
343 1391 514 1464 Graecorum,
537 1391 576 1448 Il.
599 1398 628 1450 et
654 1392 835 1453 Latinorum.
869 1362 927 1452 111.
948 1393 1017 1471 Apu
1043 1369 1065 1388 Η

148 1475 263 1534 Judaeoo
277 1482 336 1532 tres
350 1476 460 1532 decem-i
481 1476 551 1531 dien.
566 1473 617 1530 IV.
644 1472 764 1550 Duplex
783 1471 912 1550 Vespera
937 1472 1014 1532 Festo

149 1577 225 1615 rum.
248 1556 286 1616 V.
307 1557 427 1613 Auraiet
441 1573 555 1611 mererer
572 1553 715 1613 Lunares.
738 1552 792 1612 VI.
817 1555 944 1631 Tempus
956 1556 1013 1613 cele-
1041 1554 1065 1612 Ι

149 1638 254 1695 brnrrdi
267 1634 395 1695 Pooclrn.
417 1633 487 1691 Vll.
526 1634 612 1700 Quod
641 1635 778 1694 Christus
792 1632 948 1694 celebravit
959 1634 1015 1694 lunt
1043 1617 1065 1686 Ῑ

149 1718 262 1777 decimu*
276 1716 382 1796 quartci
396 1717 502 1774 mensis
516 1714 622 1774 Nr'oau.

150 1927 248 1985 chsu
264 1934 369 1984 certum
382 1929 424 1994 sit,
440 1924 513 2002 qurid
528 1925 654 1985 Christus
666 1927 874 1985 Eucharistiam
886 1929 1017 1986 instituerit
1051 1907 1065 2006 l

107 2010 136 2066 io
152 2007 253 2066 ultima
268 2004 374 2077 Coena;
404 2009 492 2083 gravis
516 2013 608 2064 tamen
625 2015 666 2065 est
688 2009 882 2081 controversia,
912 2010 965 2087 qud
982 2009 1016 2065 dis
1054 2013 1065 2096 ’ἱ

108 2089 233 2146 Christus
248 2087 372 2145 ultimam
388 2087 506 2144 Coenam
530 2086 670 2155 habuerit,
698 2097 727 2145 et
751 2099 951 2168 consequenter
973 2090 1017 2148 Eo·
1058 2103 1065 2142 ι·

107 2170 267 2228 charistiam
283 2170 439 2227 instituerit,
1061 2187 1065 2246 Ι

149 2250 172 2306 1.
196 2249 300 2319 Graeci,
322 2256 444 2306 utsuurn
459 2248 496 2306 de
515 2246 682 2307 fermentato
696 2270 767 2327 pane
791 2270 871 2308 nsum
895 2258 1019 2324 tueantur,
1062 2278 1065 2324 Ι

109 2331 290 2400 contendunt,
321 2328 462 2387 Christum
488 2329 586 2386 ultimo
609 2332 670 2388 vitae
688 2351 748 2388 suae
772 2352 847 2389 anno
870 2334 1019 2411 anticipem
1064 2361 1065 2388 t

108 2432 163 2469 uno
178 2411 223 2469 die
244 2430 320 2468 esum
344 2412 419 2486 Agni
443 2409 596 2477 Paschalis,
619 2420 647 2468 et
670 2412 744 2469 hanc
769 2411 889 2470 Coennm
912 2412 1019 2470 secundi

106 2494 222 2570 vespert
234 2492 306 2550 lunae
317 2490 432 2548 decimae
457 2491 544 2548 tertiae
569 2491 741 2563 celebrasse;
764 2500 827 2551 crim
848 2493 937 2571 juxta
956 2496 1019 2572 ipsos
1057 2565 1058 2568 Ἴ

109 2573 257 2631 crucifixus
271 2575 306 2630 sit
319 2572 387 2629 lumi
401 2571 625 2648 decimiquartd.

149 2653 188 2711 Il.
206 2653 371 2711 Latiniverd
382 2655 567 2710 communiter
576 2651 683 2711 docent.
699 2653 727 2711 id
737 2653 840 2713 factum
850 2674 912 2713 essa
921 2656 1020 2735 vesperi

109 2735 234 2793 seouodrl
247 2736 321 2793 lunae
336 2752 382 2789 seu
410 2734 465 2791 diei
481 2734 528 2790 14.
556 2735 657 2792 mensis
672 2735 774 2805 Nisau,
798 2736 854 2794 hoc
874 2744 929 2809 est,
945 2737 1021 2814 juxta

106 2837 167 2888 noc,
189 2816 259 2873 feria
272 2815 368 2894 quintet
381 2812 417 2871 ad
431 2833 581 2892 vesperam,
605 2824 634 2871 et
659 2816 861 2892 consequenter
888 2817 1020 2876 christon

107 2907 245 2954 mortuum
260 2915 320 2954 esse
333 2894 401 2952 lumi
415 2894 525 2952 decimet
545 2896 650 2972 quinti,
670 2916 716 2953 sen
731 2896 800 2955 fens
812 2899 902 2958 sexti.

150 2979 202 3035 Pro
215 2977 299 3054 hujus
326 2979 484 3054 questionis
498 2976 680 3052 intelligentia
706 2977 877 3037 observande
899 2987 966 3038 sant
985 2999 1021 3037 sc·

125 3060 236 3116 rtontia:

105 3079 123 3137 q
147 3137 202 3195 Ill.
227 3140 266 3195 1⁰·
289 3135 373 3215 Apud
388 3136 505 3195 Judaos
532 3146 586 3194 tres
613 3137 718 3201 dicrum
744 3139 910 3197 differentiae
931 3138 1019 3199 distin·

104 3221 269 3297 guebantur,
304 3217 409 3276 scilicet
432 3219 565 3294 legalium
586 3238 636 3275 sen
651 3219 821 3293 festivorum,
842 3221 1020 3281 artificialium

102 3308 131 3359 et
144 3300 310 3358 naturalium
322 3319 328 3355 ε

147 3382 215 3439 Dies
229 3381 328 3458 legalis
353 3399 401 3437 seu
428 3377 541 3438 festivus
558 3382 771 3459 computabatur
785 3384 802 3438 ri
815 3381 943 3461 Vespero
956 3402 1019 3464 prse-

104 3461 228 3519 cedontis
243 3461 297 3519 diei
321 3459 358 3519 ad
381 3459 537 3540 Vesperam
557 3462 757 3542 subsequentis
774 3463 861 3542 juxta
876 3463 948 3523 illud
972 3465 1020 3523 l'ae·

102 3542 177 3599 vitici
193 3560 254 3619 cap.
270 3547 318 3599 23,
339 3562 366 3599 v.
387 3539 436 3601 32.
476 3543 504 3600 A
531 3540 660 3620 Vespera
687 3560 776 3624 usquc
802 3545 843 3607 nd
868 3543 1021 3626 Vesperarr

104 3620 283 3682 celebrabitis
298 3621 422 3683 Sabbata
441 3628 544 3683 nestro.
634 3625 638 3631 '
952 3656 955 3663 ·
1012 3638 1016 3645 ·
