2130 3990
379 208 595 255 nummo.
893 182 951 259 169

57 352 141 417 flac
153 355 230 417 actio
241 358 317 416 uertd
331 363 374 415 cat
384 355 500 416 illicita:
519 355 655 418 nt·vidare
668 356 755 416 estin
769 362 894 418 tractatu
908 362 947 421 dc

48 454 95 497 m
108 436 283 512 celatura,
300 438 382 497 Num
395 438 444 497 61.
932 468 936 477 .

56 517 120 579 sod
134 520 353 587 controvertitur,
374 538 410 578 an
424 510 548 579 sufficiat
559 517 595 579 ad
609 518 732 579 valorem
749 519 792 580 Ba
811 521 899 596 tiami,
919 525 944 583 ai

48 600 104 675 mul
116 618 183 659 cum
195 601 352 659 intentione
364 599 529 680 baptizandi
541 600 696 680 proteratur
707 540 812 662 formd

58 680 108 741 II.-
118 680 157 741 R
171 680 249 740 Tota
261 682 333 740 ratio
339 679 418 740 dubii
428 683 590 742 consistitin
600 701 635 740 eo
649 702 685 741 an
696 682 758 741 talia
768 682 902 763 projectio
914 686 944 743 in

48 780 126 823 rman
148 763 237 842 poenit
256 762 313 821 dici
337 780 405 821 vcra
425 762 542 831 ablutio,
563 770 593 823 et
611 770 814 842 consequenter
827 768 943 825 materia

48 845 149 903 oxima
161 845 181 902 ui
195 842 309 902 Christo
322 844 457 903 instituta.
478 843 537 903 111.
556 843 731 904 Sententiam
745 841 941 905 affirmativam

48 931 132 985 antur
156 924 275 997 Sauras,
297 924 365 1002 Wig
399 942 433 993 ra,
456 925 583 992 Naeacn,
605 924 744 995 Pauwela,
766 924 833 985 Van
863 927 940 1007 Roy‚

48 1004 156 1080 oudart,
176 1002 231 1064 &c
244 1007 313 1086 quia
339 1008 366 1063 vi
385 1013 468 1064 entur
479 1005 577 1065 calvari
590 1006 765 1066 conditiones
777 1006 942 1081 ablutionis}

48 1106 82 1147 im
93 1085 202 1146 ablutio
214 1106 271 1145 non
284 1087 408 1165 requirat
429 1086 585 1146 necessario
611 1088 812 1160 emersionem
835 1096 865 1147 at
876 1087 942 1148 ideo

48 1170 145 1244 licunt)
160 1187 186 1226 v.
200 1186 229 1246 g.
241 1165 368 1227 videutca
392 1169 466 1247 piam
492 1175 620 1241 matrem,
640 1166 834 1247 projicientem
846 1171 875 1228 in
888 1188 941 1251 pu-

48 1268 93 1308 nm
107 1247 214 1329 prolem
228 1251 405 1321 morientem,
424 1268 508 1328 quam
520 1250 613 1307 aciunt
625 1269 680 1308 nou
692 1268 755 1308 casa
768 1249 941 1329 baptizatum

48 1328 130 1389 iactu
141 1349 234 1410 aqum,
255 1328 409 1389 censebunt
418 1342 448 1389 et
457 1329 561 1402 dicent,
580 1328 657 1389 illum
670 1328 807 1409 projicere
821 1331 856 1389 ad
871 1330 940 1409 bap·

48 1409 180 1471 udum:
200 1419 231 1470 et
248 1412 290 1469 nic
314 1430 353 1469 ex
381 1411 598 1471 circumstantiia
611 1410 674 1469 haec
700 1410 835 1490 projectio
847 1410 940 1472 deun

48 1492 149 1563 luatur,
168 1498 201 1550 ut
213 1494 249 1550 sit
262 1500 292 1549 et
306 1491 414 1551 dicatur
426 1493 536 1551 moralia
549 1490 662 1550 ablutio.

56 1570 115 1633 lv.
130 1572 308 1632 Contrarium
318 1580 395 1631 teuct
404 1574 546 1632 Scotcsct
555 1575 691 1644 Scotiatoe,
706 1572 857 1646 Ducimuu,
872 1573 937 1633 Pre·

48 1653 108 1733 gud,
128 1651 184 1714 duc.
208 1655 308 1713 lrorum
332 1657 476 1734 praecipua
497 1657 568 1712 ratio
584 1663 636 1726 eat,
656 1654 729 1733 qudd
746 1650 875 1713 Christus
887 1674 938 1735 pro

48 1738 134 1795 eteria
161 1738 289 1815 proxima
315 1736 449 1813 Baptismi
471 1736 630 1802 instituerit,
651 1755 707 1793 non
730 1754 940 1816 quamcumque

48 1814 195 1883 lotionem,
216 1814 264 1874 aed
278 1815 451 1875 ablutionem
466 1814 591 1881 usualem
606 1825 635 1874 et
648 1815 790 1888 moralem,
810 1836 860 1875 acu
871 1836 941 1896 quae

48 1938 57 1971 ,
75 1906 106 1955 et
119 1897 231 1956 dicatur
244 1894 349 1955 ablutio
364 1897 519 1956 secuudum
542 1896 700 1955 humanum
717 1906 746 1955 ct
759 1917 937 1957 communem

48 1996 142 2048 uaum;
165 1981 244 2057 atqui
259 1979 306 2058 qui
320 1979 360 2035 sic
374 1976 484 2056 projicit
496 1976 643 2049 infantem,
660 1975 746 2055 juxta
758 1998 937 2038 communem

50 2058 210 2119 humanum
220 2079 331 2117 sensum
340 2079 397 2116 nou
408 2058 508 2117 dicitur
519 2059 588 2117 velle
598 2057 717 2128 abluere,
733 2058 782 2117 sed
793 2060 935 2123 occidere:

48 2160 85 2219 jo,
110 2143 166 2200 &c
182 2139 259 2199 Vide
280 2139 366 2198 latius
380 2138 495 2205 Hanno,
518 2136 573 2197 &c

49 2222 89 2281 R.
114 2220 166 2279 Ad
188 2220 400 2279 fundamentum
416 2224 508 2300 prioris
528 2222 684 2289 sententiae,
706 2219 781 2297 qudd
794 2221 936 2281 immersio

54 2300 173 2381 quidem
194 2305 269 2361 actio
292 2301 410 2380 physice
430 2302 562 2369 abluena;
578 2300 628 2360 aed
642 2303 695 2359 niei
708 2299 777 2359 illud
792 2301 869 2381 quod
883 2303 935 2361 im·

48 2402 133 2443 uuum
146 2388 199 2453 art,
221 2385 257 2441 ait
269 2383 365 2461 aliquo
392 2382 479 2440 modo
492 2381 661 2459 emergibile‚
682 2400 825 2460 negamus,
847 2384 935 2444 utam

48 2484 105 2523 um
133 2483 196 2522 esse
219 2465 329 2543 qualem
358 2462 483 2521 homines
509 2484 558 2542 per
572 2463 741 2522 ablutionem
755 2463 934 2543 intelliguut3

48 2548 177 2605 letamen
208 2549 354 2624 requiritur
378 2563 417 2602 ex
438 2547 611 2603 institutione
625 2543 731 2602 Christi
744 2543 780 2602 ad
795 2547 934 2604 actionem

48 2628 249 2695 mentalem,
270 2647 306 2684 ne
320 2625 391 2684 aliis
404 2626 530 2684 homines
543 2624 742 2684 inducerentur
753 2629 782 2684 iu
801 2645 932 2685 errorem.

48 2708 88 2767 R.
106 2707 153 2766 Ad
167 2707 328 2785 exemplum
343 2709 420 2765 istius
433 2709 486 2786 piae
501 2709 603 2778 matris,
623 2706 708 2784 quiid,
727 2705 797 2765 licet
809 2706 864 2765 illae
878 2708 930 2765 cir·

48 2791 188 2849 uetantiae
216 2788 356 2848 declarent
382 2796 541 2846 maternum
568 2787 733 2846 desiderium
761 2786 930 2866 baptizandi,

48 2892 61 2931 u
90 2880 187 2931 tamen
216 2869 357 2927 declarent
383 2871 515 2927 moralem
546 2868 737 2926 ablutionem:
769 2870 852 2927 sicuti
878 2890 931 2927 nec

48 2961 101 3012 net
112 2952 171 3012 dici
185 2955 212 3011 iu
237 2968 303 3008 casu
317 2950 384 3030 proli
408 2960 504 3028 potum
519 2949 594 3018 darc,
616 2951 639 3006 si
651 2947 730 3006 illam
743 2969 798 3028 prae
811 2952 856 3009 siti
872 2968 928 3008 mo-

48 3043 122 3093 ntem
137 3033 287 3113 projiceret
300 3035 328 3089 in
342 3029 458 3088 flumen.

48 3114 115 3193 Obj.
141 3115 249 3193 Siquis
263 3111 389 3192 projiciat
402 3132 499 3169 canem
513 3109 655 3169 sordidum
667 3112 695 3169 in
711 3131 806 3190 aquas,
829 3118 857 3171 et
881 3132 927 3170 au·

48 3200 64 3254 d
84 3196 255 3255 suffocatum
277 3195 351 3255 iuter
372 3191 526 3251 natandum
548 3191 650 3250 dicitur
672 3192 788 3251 voluisse
806 3193 928 3266 abluere,

48 3278 77 3336 tt
86 3278 116 3335 in
130 3297 199 3335 cusu
214 3278 290 3333 canis
303 3295 356 3333 non
371 3275 408 3331 sit
420 3273 594 3350 emergibilia.

47 3356 127 3417 ldem
143 3368 195 3423 eat,
214 3359 239 3414 si
254 3357 387 3413 Minister
410 3376 447 3414 ex
479 3356 632 3413 intentione
646 3351 808 3432 baptizandi
822 3353 928 3431 prolem·

48 3449 156 3519 mergat
168 3441 257 3517 aquis,
280 3457 342 3516 quau
356 3456 422 3495 caau
443 3436 562 3496 elabitur
574 3455 610 3492 ex
626 3434 753 3492 manibus
768 3440 796 3491 et
808 3433 927 3494 suffoca·

48 3564 105 3662 iel
126 3601 151 3658 ai
177 3620 215 3658 ex
231 3598 330 3658 eadem
346 3600 497 3656 intentione
519 3596 657 3654 infantem
671 3595 739 3656 lune
762 3614 927 3678 suspensum

48 3685 112 3744 itur
126 3684 216 3761 aquis,
237 3679 285 3740 aed
300 3680 387 3739 fracto
402 3679 467 3737 lune
481 3677 644 3737 suffocatur.

446 3839 473 3901 Ο
