2130 3990
368 179 411 223 nn
439 177 658 224 auennensem.
914 162 972 229 ³31

72 328 130 389 2⁰.
146 328 231 389 Licet
243 346 281 384 ex
304 326 456 384 reverentia
477 335 507 384 et
531 326 685 388 hnmilitate
704 327 856 408 aliqnando
876 327 973 387 lauda·

51 411 140 471 iliter
152 411 188 470 ad
204 420 313 487 tempus
325 407 362 464 ab
378 406 556 466 Eucharistia
568 409 747 481 abstineatur,
771 430 819 490 per
831 429 861 468 se
878 418 973 468 tamen

51 492 217 552 andabilius
230 499 322 549 estex
337 506 431 546 amore
444 489 579 546 accedere
598 509 683 569 quarn
699 510 738 550 ex
758 495 910 550 reverentia
923 490 973 548 ab·

50 575 166 634 tinere.
207 570 282 630 Vide
294 571 325 628 S.
341 568 447 627 Thom.
459 569 506 627 hic
519 569 555 628 ad
568 570 598 629 3.

76 654 116 713 2.
139 656 183 713 3⁰.
203 651 401 730 Unusquisque
413 647 577 709 alliciendus
591 659 635 710 est
647 650 683 710 ad
695 651 868 732 frequentem
888 650 974 709 Com-

50 738 222 805 mnionem,
235 731 456 791 hebitdratione
478 731 577 804 statds,
601 734 769 792 conditionis
792 743 820 792 et
842 735 975 811 temporis

50 816 283 894 ‚uiuscujusqnez
305 810 335 870 dr
347 813 390 870 sic
404 811 544 870 adhortari
564 821 672 892 oportet
694 816 829 894 populum
847 815 883 870 ad
898 813 976 871 Con·

50 902 204 957 accionem
217 905 246 953 et
261 895 497 951 Communionem
519 893 618 953 diebus
631 895 810 963 solemnibus,
831 893 976 972 indulgen-

50 979 165 1046 iarum,
180 975 407 1055 quadragesime,
427 973 575 1047 adventas,
589 974 642 1034 dcc.

86 1059 152 1118 111.
176 1056 220 1115 lta
241 1055 379 1136 prescribit
397 1054 542 1113 Pastorale
570 1056 794 1116 Mechliniense:
836 1055 977 1115 Parocbns

49 1158 194 1201 nummum
208 1136 333 1196 studium
357 1138 387 1195 in
402 1155 437 1194 eo
452 1150 547 1215 ponat,
570 1149 601 1196 nt
619 1137 736 1217 populus
747 1139 801 1196 sibi
815 1140 978 1196 commissus

49 1221 84 1281 ad
117 1219 245 1280 debitum
271 1219 343 1277 tanti
361 1219 537 1276 Sacramenti
560 1219 677 1288 cultum,
701 1225 731 1276 et
751 1217 788 1277 ad
801 1217 978 1297 frequentem

49 1303 112 1382 ejus
140 1320 231 1372 usum,
255 1298 381 1357 maxime
402 1297 615 1358 solemnioribus
627 1298 725 1357 diebus
738 1302 886 1359 excitetur.

90 1384 144 1443 Sic
157 1383 243 1440 aliem
257 1379 288 1438 S.
304 1379 470 1440 Franciscus
484 1380 619 1453 Salanus,
647 1378 810 1439 Introducl.
838 1381 876 1438 ud
889 1379 979 1439 uitam

49 1465 186 1524 devoram
200 1461 316 1542 perte‘d.
344 1480 405 1540 cap.
433 1459 483 1519 20.
524 1461 695 1540 Quanquam
722 1461 777 1519 hoc
799 1464 872 1520 cerlo
886 1470 979 1519 etan·

49 1546 151 1605 dacter
171 1544 263 1602 dicere
286 1561 398 1618 queam,
413 1561 469 1610 eos,
486 1561 540 1619 que
564 1541 662 1600 devote
677 1543 740 1600 Deo
752 1545 851 1601 servire
872 1541 979 1610 volunt,

49 1646 112 1687 non
144 1644 205 1684 osse
218 1624 307 1682 minos
320 1625 406 1703 quam
418 1624 532 1700 singulis
545 1622 687 1681 mensibus
701 1624 914 1682 communiente.

95 1648 152 1767 lid.
168 1704 213 1764 Ad
226 1705 301 1763 hanc
324 1715 418 1762 autem
441 1704 678 1763 Commonionem
698 1703 814 1782 singulis
838 1701 981 1763 mensibus

50 1785 281 1869 promovendam,
294 1783 448 1864 plurimum
462 1784 602 1858 conducit,
615 1784 690 1860 quod
703 1787 731 1842 in
748 1784 878 1844 Ecclesia
891 1784 980 1843 Paro-

52 1868 142 1928 eliiali
162 1866 307 1945 sitaliqua
318 1864 539 1936 confraternitas,
563 1887 587 1923 v.
599 1887 626 1941 g.
641 1865 677 1924 de
697 1864 860 1924 Venerabili
873 1864 917 1924 vel
928 1865 980 1923 sub

54 1950 112 2010 elio
127 1949 219 2021 titulo,
245 1957 276 2006 ut
297 1948 337 2004 sic
352 1947 495 2004 Perochus
518 1949 575 2004 suis
595 1945 834 2005 exhortationibus
848 1948 981 2004 inducere

56 2031 147 2110 possit
159 2028 293 2109 populum
308 2026 345 2085 ad
357 2027 456 2085 saltem
470 2030 584 2104 singulis
597 2028 737 2085 mensibus
750 2026 937 2085 confitendum
952 2036 983 2085 et

57 2107 345 2171 communicandum:
365 2126 450 2186 qnam
464 2108 717 2166 confraternitatem
730 2110 757 2165 in
774 2105 926 2176 Parocbiis,
949 2108 980 2165 in

58 2193 159 2271 quibua
171 2211 226 2249 non
238 2190 364 2259 habetur,
379 2191 445 2266 erigi
455 2188 538 2266 jubet
548 2187 722 2249 flambertus
736 2191 754 2246 d
766 2191 938 2266 Praecipiano
952 2190 983 2247 in

62 2272 191 2353 Epistola
202 2291 253 2330 sua
261 2269 395 2330 Pastorali
406 2269 540 2328 reconda.

99 2354 214 2413 Dicitur
222 2349 333 2410 Saltem
340 2347 628 2428 cingulismenribnc
638 2374 648 2408 :
664 2350 982 2429 undosummeculpan·

64 2434 97 2495 dn
110 2441 154 2494 est
167 2432 351 2510 quorumdam
366 2430 514 2489 Pastorum
526 2433 642 2503 incuria,
653 2434 765 2510 quinon
780 2435 832 2491 nisi
844 2443 920 2504 tunc,
934 2447 983 2489 seu

62 2514 175 2594 singulis
189 2513 327 2572 mensibus
336 2511 445 2571 tantiam
459 2533 488 2570 se
501 2517 529 2571 in
544 2513 734 2572 confessionali
747 2522 928 2593 praesentant.

100 2595 141 2656 V.
164 2597 205 2654 4⁰.
231 2595 313 2653 Circa
335 2594 528 2672 quotidianam
551 2603 601 2653 aut
625 2594 787 2672 hujusmodi
811 2599 982 2674 frequentem

64 2677 302 2737 Communionem
311 2684 388 2732 certa
397 2693 447 2753 pro
461 2674 587 2732 omnibus
598 2677 683 2733 statui
696 2695 751 2734 non
767 2686 860 2754 potest
873 2676 981 2750 regula;

63 2760 198 2839 quocirca
210 2761 250 2814 ita
262 2756 357 2814 scribit
369 2755 400 2813 S.
413 2755 580 2813 Franciscus
594 2758 716 2815 salesius
724 2754 785 2814 loco
793 2760 839 2814 cit.
880 2761 898 2789 “
908 2754 983 2815 Quo-

61 2839 133 2900 tidie
157 2838 364 2898 Encharistiarn
386 2836 537 2914 suscipere,
563 2837 717 2905 neclaudo,
733 2835 984 2915 necreprehend03

60 2919 195 2980 omnibus
221 2930 315 2978 tamen
343 2917 500 2976 Dominicis
524 2916 786 2975 communicandum
812 2918 928 2988 suadeo,
962 2919 995 2974 si

59 3011 160 3062 umen
187 3020 266 3058 mens
291 2999 351 3058 sine
365 2996 467 3057 affectu
475 2999 610 3077 peccandi
624 2998 715 3056 luerit.
756 2998 831 3057 Etin
840 3000 987 3076 fineejas·

59 3086 129 3141 dem
150 3082 275 3158 capitis:
297 3080 333 3139 ad
355 3081 470 3156 singulis
494 3082 598 3137 octavis
618 3080 883 3139 communicandum
897 3078 986 3154 requi·

59 3167 141 3237 titur,
167 3176 198 3220 ut
224 3165 285 3240 quis
299 3164 334 3218 sit
347 3160 383 3219 ab
396 3162 473 3218 ornni
488 3169 603 3238 peccato
625 3161 744 3233 mortali,
771 3174 799 3219 et
811 3179 875 3236 erga
888 3177 985 3237 pecca-

59 3256 125 3304 tum
153 3244 261 3300 veniale
287 3241 388 3300 effectu
403 3241 594 3319 desiderioque
604 3240 682 3311 libor,
693 3241 847 3316 ardensque
861 3259 984 3297 cominu·

62 3323 183 3384 nicandi
196 3322 362 3382 desiderium
377 3322 498 3394 habeat3
530 3323 627 3379 verum
644 3333 675 3378 ut
702 3321 825 3399 quotidie
839 3319 876 3378 ad
895 3339 987 3377 sacras

62 3405 165 3486 epulas
183 3408 244 3481 quis
270 3407 397 3476 accedat,
421 3406 591 3482 potissimam
617 3413 751 3481 praetcrea
771 3402 906 3460 malarum
924 3420 987 3458 aua-

63 3506 129 3546 rum
148 3487 360 3545 inclinationum
387 3491 496 3563 partem
521 3484 654 3564 superfuit
672 3502 785 3541 necesse
802 3492 851 3552 est,
880 3493 909 3539 et
933 3502 988 3540 non

66 3570 121 3626 nisi
148 3567 239 3626 Patris
269 3568 313 3626 sni
337 3566 483 3646 spiritualis
506 3585 570 3622 cnm
605 3581 738 3623 consensu
765 3564 933 3643 consilioque
959 3561 990 3621 id

64 3646 181 3728 aggredi
194 3647 288 3715 debet.

494 3806 513 3863 2
527 3824 546 3867 s
557 3807 576 3866 3
