2130 3990
350 216 390 263 na
411 214 631 263 nuenanrsrra.
893 194 955 259 29⁹

47 358 120 423 inus
158 384 208 446 per
234 363 363 424 accidens
389 366 509 443 primam
535 365 651 443 gratiam
678 360 804 422 obtineat
830 378 879 439 par
901 358 957 419 boe

45 463 154 505 eoram.
198 446 240 504 lta
252 445 353 526 passim
380 444 520 506 Authorea
540 444 683 506 deducunt
694 460 731 503 ex
741 462 807 502 sess.
824 442 872 502 13.
886 461 913 503 o.
927 441 957 499 7.

45 526 213 588 unc.'1'rid.

63 607 258 677 Quendonam
272 615 402 668 censetur
414 607 511 667 deesse
524 608 608 686 copia
621 603 814 665 confessarii?

66 688 108 749 R.
123 690 249 765 Allegari
259 690 349 751 solent
361 698 508 769 sequentes
521 708 601 747 castis
615 710 621 747 :

64 768 107 829 ΙΙ.
127 774 166 831 1⁰.
179 769 301 840 Quando
314 771 405 831 nullus
420 768 615 829 confessarius
624 774 666 828 est
678 782 804 847 presens,
817 785 871 825 nec
882 762 956 828 ullus

45 848 97 911 diri
111 859 205 932 potest
216 851 276 910 sine
291 853 366 930 gravi
390 848 575 919 incommodo,
596 851 730 929 spectatis
744 848 957 907 circumstantiis

45 951 159 999 arsona,
181 931 295 1007 itineris,
315 932 427 1012 periculi
440 935 557 1001 viarum,
580 934 632 991 &a
647 941 697 989 aut
709 931 775 1009 quia
788 930 875 988 instat
888 926 956 988 hora

45 1012 195 1087 alebrandi,
216 1033 268 1073 nec
279 1022 370 1092 potest
381 1033 491 1072 sacrum
503 1011 564 1071 siue
574 1020 643 1072 nota
656 1009 768 1070 differri.

66 1092 107 1150 2⁰·
124 1094 247 1164 Quando
270 1094 387 1173 quidem
399 1095 480 1154 adest
494 1092 696 1162 Confessam,
718 1091 837 1151 sednon
851 1100 895 1151 est
906 1108 956 1171 ap·

44 1174 163 1235 robatus
177 1194 225 1254 pro
238 1176 297 1254 ipso
309 1176 565 1245 communicatum
582 1195 607 1233 v.
621 1195 647 1254 g.
662 1181 774 1233 tantum
787 1173 957 1252 approbatus

44 1275 79 1315 rro
91 1256 149 1315 alia
163 1255 297 1330 Dioeoesi,
316 1274 370 1314 neo
384 1256 455 1317 alius
464 1256 536 1315 adiri
549 1264 651 1333 potest,
671 1251 725 1314 dno.
739 1263 772 1314 ut
782 1264 859 1327 ante,
879 1253 956 1335 quod

44 1356 138 1417 emper
150 1335 369 1415 subintelligitur
381 1337 410 1395 in
423 1337 531 1396 casibus
546 1337 700 1414 assignatis.

69 1417 142 1476 ltem
170 1416 239 1477 dum
267 1417 353 1478 babet
381 1437 477 1477 casum
505 1427 686 1484 reservatum,
707 1425 737 1476 et
763 1414 957 1477 confessarius

44 1516 151 1557 raesens
165 1518 219 1557 non
234 1497 320 1558 habet
333 1499 496 1559 facultatem
507 1498 696 1559 absolvendis
709 1501 863 1558 reservatis.
880 1495 957 1558 Vide

44 1578 117 1639 ium.
134 1577 202 1640 194.
216 1580 254 1637 de
268 1579 456 1639 Paenitentia.

66 1659 111 1716 3⁰·
126 1659 158 1720 Si
172 1662 235 1739 quis
261 1661 389 1720 confiteri
415 1682 471 1722 non
485 1662 582 1741 possit,
601 1662 655 1720 nisi
668 1659 823 1740 frangendo
835 1656 958 1739 sigillum

44 1741 244 1801 aeramentaie:
264 1743 286 1802 ei
309 1751 404 1801 tamen
427 1742 489 1802 talis
504 1742 609 1801 habeat
621 1742 677 1801 alia
689 1750 806 1820 peccata
818 1739 957 1806 mortalia,

44 1842 88 1901 [ua
101 1823 164 1882 sine
178 1821 313 1883 fractione
336 1822 420 1903 sigilli
433 1823 560 1884 confiteri
572 1831 674 1902 potest,
694 1831 806 1883 tenetur
817 1822 878 1881 heo
890 1839 957 1881 con-

44 1904 108 1963 iteri,

65 1985 111 2042 4⁰·
140 1984 336 2047 communiter
363 1984 511 2064 allegatur,
531 1987 555 2045 si
582 2000 620 2045 ex
647 1984 756 2066 peceati
783 1983 959 2045 confessione

44 2066 152 2126 otabile
180 2068 313 2127 damnum
341 2077 391 2126 aut
416 2067 523 2126 maium
538 2065 706 2127 confessioni
720 2065 911 2125 extrinsecum
922 2069 958 2126 ti-

44 2157 140 2207 reatur
154 2147 335 2208 obventurum
350 2151 506 2229 poenitenti,
528 2147 718 2219 Confessario,
739 2146 781 2207 vel
794 2144 887 2218 alteri3
908 2145 959 2206 sed

44 2231 71 2287 ie
101 2248 185 2287 casus
199 2230 227 2288 in
244 2233 321 2308 praxi
334 2235 381 2289 vix
396 2229 603 2309 presumendus
628 2236 680 2302 est,
701 2236 730 2290 et
744 2235 816 2287 teste
829 2227 961 2308 Steyaert

44 2312 72 2369 ix
88 2312 203 2369 tractari
215 2319 344 2369 meretur.

65 2391 102 2451 N
103 2412 141 2450 on
155 2389 235 2451 deest
243 2398 336 2450 autem
348 2392 429 2470 eopia
440 2391 619 2467 confessarii,
632 2393 655 2453 ei
665 2396 801 2472 pressante
808 2389 875 2463 alio,
887 2388 961 2450 absit

44 2470 224 2531 bnieesarins
250 2472 367 2551 alicujus
390 2472 557 2547 ordinarius,
577 2475 620 2533 vel
634 2473 706 2533 alius
720 2473 768 2531 oui
782 2471 881 2550 majori
894 2491 961 2529 curn

43 2564 123 2612 notu
140 2553 266 2611 confiteri
285 2560 394 2631 posset:
417 2574 469 2612 nec
483 2556 580 2625 etiam,
600 2554 669 2614 lieet
682 2556 742 2634 quis
756 2554 872 2631 longius,
891 2571 917 2609 r.
930 2570 961 2629 g.

44 2633 64 2695 d
95 2634 168 2693 duas
195 2633 290 2692 leucas
316 2655 467 2693 excurrere
487 2635 589 2694 debeat
601 2634 637 2695 ad
652 2633 855 2705 confitendum,
874 2635 961 2693 etiam

43 2717 151 2793 apios:
172 2718 196 2772 si
211 2724 302 2773 tamen
318 2721 405 2794 possit
418 2716 478 2774 sine
491 2719 566 2794 gravi
580 2714 770 2775 incommodo.

68 2795 265 2864 Quandonam
276 2809 404 2855 censetur
418 2817 476 2854 esse
490 2797 631 2856 sufficiens
642 2798 794 2856 necessitas
803 2792 961 2853 celebrandi

44 2875 73 2935 el
87 2877 323 2948 communicandi,
344 2877 410 2936 dum
426 2880 488 2957 quis
516 2879 569 2938 sibi
583 2880 707 2938 conscius
721 2878 829 2957 peccati
840 2875 964 2936 mortalis

43 2977 85 3015 ron
101 2956 188 3016 habet
201 2961 310 3036 copiam
327 2958 523 3018 Confessarii?

72 3038 133 3097 ΙΙΙ.
150 3038 186 3097 R.
204 3040 271 3097 Hoc
286 3042 312 3097 in
335 3040 480 3100 individuo
504 3043 551 3099 vix
566 3040 743 3100 determinari
757 3045 868 3120 potest5
886 3060 960 3100 oom-

43 3122 154 3179 nunitar
166 3128 260 3179 tamen
276 3122 450 3200 assignantur
463 3139 544 3180 casus
558 3132 724 3200 sequentes:

75 3204 111 3257 1⁰·
129 3201 158 3258 Si
174 3203 298 3259 existens
308 3204 335 3260 in
351 3216 466 3282 peccato
478 3204 588 3262 mortali
598 3207 635 3263 sit
645 3203 766 3283 alioquin
778 3200 962 3261 sinbVietico

43 3284 193 3349 neuturus,
216 3302 240 3338 v.
256 3303 281 3357 g.
296 3286 318 3340 si
334 3289 440 3342 tantum
456 3284 530 3342 adsit
546 3285 697 3354 Diaconos,
714 3287 732 3341 ri
746 3304 802 3363 quo
816 3282 963 3341 Viaticum

43 3364 172 3441 rccipint3
193 3364 217 3421 si
243 3366 318 3421 enim
333 3365 443 3425 adesset
463 3364 609 3439 Sacerdos,
630 3366 741 3426 deberet
757 3363 880 3444 priusab
901 3366 963 3442 ipso

43 3444 147 3502 ubsolvi.

72 3522 114 3581 2⁰.
130 3526 161 3582 Si
176 3525 312 3584 Sacerdos
328 3525 430 3584 debeat
444 3528 595 3602 celebrere,
610 3536 641 3586 ut
654 3525 755 3587 deferri
772 3528 857 3608 possit
871 3525 963 3588 Viati-

43 3625 97 3663 :um
115 3606 287 3666 moribundo.
