2130 3990
411 202 628 251 assemano.
923 186 980 247 183

50 346 117 413 bier
139 348 232 415 cultro
243 350 288 413 rel
310 348 454 431 scalpello·
466 350 518 410 iiat
528 349 644 411 scissura
668 354 821 409 transversa
833 349 864 410 in
876 354 983 432 superi·

51 446 101 495 cte
122 444 213 515 psne-
230 432 388 495 abdominie
403 433 468 507 (scu
481 450 580 513 parum
593 431 667 490 intre
679 430 822 491 tbomcem
845 434 875 491 iu
889 433 984 494 medio

52 516 191 597 corporis)
206 521 266 576 mm
278 514 379 577 lata-et
393 511 537 592 profunda,
556 520 590 570 ut
602 512 719 590 digitum
730 510 814 572 facili
832 514 984 575 immittere
1020 562 1022 569 ⁴

55 596 146 673 ponit
157 596 186 656 in
199 599 344 657 cavitatem
359 597 476 654 ventris:
496 603 557 654 turn
570 592 686 672 digitum
711 595 863 654 immittens
883 600 913 654 et
925 597 983 656 cul·

57 674 125 739 tello
136 695 298 759 supponens
310 675 403 736 elevet
414 674 529 756 pellem,
545 681 574 734 et
593 673 696 734 scindit
708 676 786 734 recte
801 696 851 754 per
873 677 984 738 umbili-

60 772 121 817 σου
138 756 246 838 ¹(quem
273 766 368 817 tamen
392 759 476 816 etiarn
500 775 551 835 pro
572 753 671 833 majori
685 754 819 815 facilitate
845 755 986 818 declinare

62 837 162 917 potat)
187 841 217 899 in
244 847 335 899 totam
361 837 563 917 longitudinem
576 838 687 910 ventris,
707 836 832 896 liniendo
856 859 984 919 superos

64 918 157 999 pubis;
177 918 235 981 bdo
260 918 379 979 scissuri
392 917 468 978 iactet
480 921 510 978 in
531 917 626 977 medio
638 917 699 997 ejus
711 936 779 977 mox
793 919 910 999 reperiet
923 942 983 981 me-

64 1002 155 1063 ln'eem
179 1003 253 1062 inter
264 1002 382 1061 sericam
394 1007 425 1059 ct
449 1000 614 1059 intestinum
628 1008 736 1058 rectum
749 1002 840 1069 sitam,
862 1003 891 1061 in
906 1004 986 1082 cujus

65 1080 132 1163 pelle
153 1080 368 1163 prudentissime
390 1080 478 1141 faciat
504 1089 663 1159 aperturam
686 1081 714 1139 in
729 1079 802 1151 loco,
822 1081 870 1141 ubi
884 1083 986 1162 pellem

64 1163 129 1223 uteri
155 1166 319 1229 teneriorem
338 1161 427 1241 digito
448 1163 542 1228 sentit,
563 1168 593 1220 et
606 1162 705 1220 itcmm
718 1161 829 1236 scindit,
848 1170 879 1224 ut
890 1163 984 1225 infans

61 1244 117 1305 nui
143 1245 244 1327 possit,
264 1263 348 1322 quern
374 1243 491 1320 reperiet
517 1240 722 1301 circumdatum
749 1242 908 1304 secundinis
933 1266 984 1306 seu

59 1325 240 1399 membranis,
266 1345 336 1404 quas
359 1325 496 1385 ordinarie
510 1322 602 1403 digitis
627 1321 713 1382 facilc
739 1322 910 1399 dilacerabit,
939 1330 985 1389 rel

53 1404 138 1469 atter
148 1406 270 1468 scindet.

95 1484 257 1549 Neautem
283 1484 437 1546 scindendo
461 1484 547 1546 ledat
567 1483 678 1558 fratum,
697 1484 853 1547 observabit
866 1507 984 1570 semper,

52 1576 90 1631 nt
112 1566 227 1629 dorsum
254 1566 337 1627 cultri
359 1569 490 1648 respiciat
510 1574 630 1633 utemm,
650 1574 681 1627 et
705 1564 822 1647 digitum
834 1580 984 1650 supponat.

50 1648 117 1715 uti
130 1648 270 1711 mientem
277 1650 370 1708 dnum
380 1647 606 1730 deprehenderit,
619 1648 714 1706 statim
725 1649 801 1729 equi
809 1648 848 1711 ad
857 1650 912 1711 boc
921 1652 984 1731 jam

48 1740 125 1793 ante
145 1732 250 1811 parati
271 1729 407 1810 baptizet.
448 1730 482 1789 ln
494 1729 604 1791 delectu
618 1735 712 1789 autem
725 1728 878 1797 obstetricis
890 1734 985 1794 velal-

49 1813 143 1871 terins
149 1815 257 1892 perite,
272 1830 340 1870 mox
349 1812 437 1870 etiam
447 1810 619 1883 umbilicum,
627 1812 776 1889 scupotius
783 1812 881 1872 tubum
890 1816 982 1877 umbi·

49 1890 105 1953 liei
117 1892 227 1953 tornea
252 1892 421 1971 comprimit,
441 1892 487 1952 vel
500 1891 588 1969 digito
600 1889 791 1962 circumducit,
813 1902 842 1953 et
852 1914 918 1954 eum
932 1916 983 1977 pe·

52 1984 117 2035 nato
129 1972 255 2035 salamine
279 1973 360 2051 quasi
381 1975 411 2031 iu
424 1970 555 2037 dbtenda
582 1969 737 2031 latitudinis
751 1976 831 2033 uniue
845 1977 952 2056 pollicis
966 1983 985 2038 d

55 2062 153 2115 venue
172 2054 254 2134 ligat,
273 2062 303 2121 et
319 2066 386 2113 tunc
409 2052 510 2113 scindit
530 2053 650 2112 eundem
672 2054 838 2116 umbilicum
862 2060 942 2137 quasi
955 2063 984 2120 in

56 2134 196 2197 donnus
222 2133 373 2194 latitudinis
400 2134 519 2194 duorum
545 2132 677 2214 pollicum
691 2134 710 2190 ri
723 2133 850 2214 ligatura,
869 2140 985 2203 tandem

57 2216 140 2279 tatur
152 2215 252 2276 inians
264 2213 413 2282 fovendus,
432 2212 488 2274 dc.

98 2297 146 2357 Ad
162 2296 281 2378 prefata
293 2303 440 2366 autemst
452 2296 601 2374 prasertim
614 2292 651 2355 ed
664 2293 737 2355 bene
746 2297 906 2372 secandum,
920 2304 986 2385 plu·

58 2383 160 2443 rituum
187 2377 319 2438 conducit
341 2381 488 2457 presentie
511 2378 607 2444 animi,
627 2378 667 2437 ite
694 2385 728 2436 nt
746 2397 833 2457 qnam
857 2387 984 2449 maxime

63 2462 149 2543 possit
159 2459 317 2543 deponatur
329 2460 421 2517 omnis
433 2459 637 2538 praecipitantis
650 2464 679 2517 et
690 2459 870 2538 perturbatio.

99 2541 277 2613 Notandum,
298 2538 373 2617 qudd
385 2538 470 2598 ioetus
496 2560 553 2598 non
576 2557 683 2619 semper
701 2540 730 2599 in
744 2542 925 2617 matriceprod
937 2547 987 2607 ali.

61 2621 173 2701 quando
199 2624 228 2681 in
245 2623 350 2696 evado,
369 2619 444 2680 tubis
466 2620 630 2701 iallopiauie‚
651 2626 701 2680 eut
713 2620 769 2685 alia
788 2626 890 2687 ventris
910 2637 987 2709 parte

139 2706 222 2761 'etun

62 2720 268 2843 repppmdum
295 2785 388 2856 etiam,
407 2783 510 2861 sapius
531 2783 649 2854 evenire,
669 2790 700 2841 et
717 2786 867 2861 prasertim
888 2791 986 2869 primis

64 2872 90 2924 et
114 2865 223 2927 ultimis
250 2866 268 2922 d
291 2865 477 2943 conceptione
502 2861 650 2934 mensibus,
671 2863 745 2941 qudd
771 2876 859 2926 mater
877 2870 905 2926 in
925 2872 987 2948 ipsa

66 2949 162 3025 agonia
175 2946 275 3006 foetum
289 2945 394 3025 ejiciat,
403 2947 451 3024 qui
460 2944 552 3016 facile,
565 2945 616 3002 nisi
631 2945 686 3002 cito
698 2946 724 3003 ei
734 2945 920 3021 subveniatur,
929 2952 986 3010 suf·

66 3026 145 3086 locari
217 3037 254 3086 et.

101 3048 295 3181 Qudddonam
308 3108 397 3169 sectio
411 3124 529 3165 casarea
542 3103 626 3164 debet
638 3105 745 3167 institui
756 3105 771 3165 l

103 3188 190 3269 Reep.
213 3189 286 3251 Cum
310 3184 459 3267 probabilis
486 3189 522 3244 sit
542 3188 686 3256 sententie,
709 3208 773 3269 quse
788 3186 864 3263 dicit,
885 3190 985 3254 ioelum

69 3273 179 3331 animari
206 3291 264 3333 non
291 3269 401 3328 tautum
429 3269 479 3326 40.
502 3274 551 3326 eut
564 3267 613 3327 80.
629 3267 683 3340 die,
703 3268 751 3328 sed
765 3274 860 3329 statim
875 3273 911 3331 eb
927 3278 984 3355 ipse

71 3355 256 3431 conceptione,
278 3349 321 3409 vel
335 3350 433 3408 saltem
449 3349 542 3428 primis
556 3350 574 3404 a
588 3352 770 3429 conceptione
781 3350 895 3425 diebus;
919 3355 986 3415 binc

72 3435 192 3493 convenit
216 3442 249 3492 ut
269 3432 318 3508 illa
339 3432 507 3502 instituatur,
528 3432 758 3509 quotiescumque
772 3432 923 3510 probabilis
938 3437 986 3496 ha·

72 3512 143 3574 betur
167 3516 295 3592 suspicio,
330 3510 492 3571 defunctam
516 3514 692 3588 concepisse:
728 3532 762 3570 en
789 3518 849 3571 verri
873 3516 909 3575 ad
932 3519 987 3580 hoc

73 3603 130 3654 ente
144 3595 196 3652 400
211 3595 285 3655 diem
300 3595 360 3674 quie
374 3592 488 3670 obligari
501 3595 594 3671 possit,
615 3591 705 3655 dicere
719 3612 775 3659 non
788 3598 886 3656 ausim.

511 3754 538 3828 Q
