2130 3990
62 188 104 251 62
448 202 622 250 suerrum

64 356 138 426 vent,
160 348 303 411 Christum
319 348 475 410 Dominum
499 358 559 410 toto
583 353 645 411 vitre
662 370 720 410 sues
734 355 860 431 tempore
871 351 978 413 semisse

63 435 94 493 in
117 433 212 491 anime
226 429 333 490 dolores
357 434 462 504 mortis,
482 450 551 511 quos
571 450 670 511 pessus
692 440 736 491 est
757 432 786 490 in
801 451 903 492 cruces
923 436 980 512 quie

64 530 291 592 praecognoscens
316 510 377 571 illos
404 510 518 582 futuros,
538 512 592 572 sihi
611 532 659 573 eos
685 513 859 573 vivacissime
886 520 981 592 otper-

63 593 138 653 fecto
162 594 239 653 omni
253 600 377 672 tempore
397 592 609 673 representabat
629 600 658 655 et
670 592 836 672 eeeeptebet
854 599 982 673 tanquam

65 681 221 752 presentes.

146 834 188 897 u.
202 834 324 895 nunu
341 833 706 897 nesurnscmoun
727 833 912 896 crimem.

366 997 396 1057 s.
413 958 629 1085 sonoros.
642 994 692 1056 ss.

66 1161 90 1220 Ι.
120 1159 255 1219 Surrexit
273 1163 345 1238 post
371 1167 429 1217 tres
456 1159 530 1218 dies.
579 1158 619 1217 ll.
642 1156 712 1218 Non
739 1163 883 1236 integros.
932 1160 986 1219 ill.

111 1240 260 1311 Quomodo
276 1237 414 1300 conetur
425 1242 465 1299 sit
479 1242 700 1318 promogenitus
711 1258 750 1298 en
762 1244 895 1301 mortuos.
937 1240 988 1300 lv.

109 1321 244 1382 Christro
256 1324 415 1381 resurrexit
427 1339 465 1379 eo
477 1317 633 1401 sepulchro
642 1319 749 1379 eloneo.

107 1485 160 1545 ns
173 1481 282 1543 Triduo
296 1482 399 1542 Mortis
410 1479 514 1540 Christi
528 1480 591 1541 vide
606 1482 647 1542 N.
665 1481 711 1540 lo.

107 1563 299 1637 Quendonem
313 1562 442 1622 Christro
455 1561 629 1622 resurrexit?
964 1578 967 1583 ·

106 1647 133 1707 1.
150 1647 187 1705 u.
202 1645 304 1705 Tertiis
317 1643 374 1716 die,
388 1641 502 1723 quando
511 1641 616 1702 Anime
629 1641 733 1702 Christi
746 1644 854 1702 munite
864 1650 908 1704 est
921 1642 989 1703 Gor·

66 1731 126 1808 pori
139 1746 205 1786 eum
218 1724 329 1785 dotibus
341 1724 483 1803 gloriosis:
504 1731 534 1784 et
549 1732 665 1783 eotenus
684 1722 788 1783 dicitur
809 1726 989 1784 resurrexisse

66 1812 85 1869 i
99 1810 210 1868 mortuis
223 1805 263 1865 nd>
272 1807 358 1865 vitem
372 1803 566 1876 immortalem,
587 1803 671 1883 idque
683 1804 793 1884 proprii
802 1806 911 1865 virtute.
927 1838 931 1845 ·

107 1889 149 1947 ll.
163 1887 294 1967 Sepultus
303 1893 348 1945 eet
359 1894 454 1961 autern
465 1885 547 1945 Ferit
558 1886 642 1944 sexto
655 1885 692 1943 ad
701 1904 844 1965 vesperem
858 1894 926 1945 ente
938 1885 988 1945 So-

65 1970 100 2031 lis
112 1987 253 2042 seersum,
272 1973 302 2026 et
321 1968 472 2027 resurrexit
493 1965 542 2025 die
564 1966 714 2025 Domiuieri
728 1966 813 2024 mene
834 1969 863 2025 in
875 1984 990 2026 aurore:

67 2049 141 2130 quod
164 2050 285 2127 spatium
308 2068 364 2107 non
385 2045 596 2126 comprehendit
617 2055 671 2105 tres
684 2045 742 2105 dios
755 2049 895 2125 integrum
916 2046 991 2107 unde

67 2132 133 2192 dum
145 2129 328 2209 Metthscsp.
345 2127 392 2186 12.
406 2128 475 2187 dicit
484 2126 626 2187 Christus:
643 2129 663 2160 ‘¹
675 2127 724 2186 sie
739 2127 790 2186 erit
799 2127 889 2187 Filius
900 2125 990 2186 homi·

66 2214 111 2281 nis
131 2210 216 2271 tribus
238 2209 336 2270 diebus
356 2218 387 2268 et
407 2209 492 2270 tribus
509 2208 642 2268 nooubus
655 2208 684 2266 in
699 2207 783 2267 eorde
800 2205 916 2280 terrae;''
938 2208 990 2269 hoo

67 2293 229 2370 intelligitur
237 2310 286 2370 por
299 2288 512 2370 Syneorloehen,
523 2308 572 2348 ssu
583 2289 695 2369 ponitur
704 2308 765 2368 pers
776 2309 828 2368 pro
840 2297 920 2361 toto;
936 2288 991 2348 dies

67 2375 142 2432 enim
165 2381 195 2431 et
207 2382 304 2430 nostes
325 2371 497 2449 accipiuntur
520 2369 567 2429 hic
592 2376 725 2448 computu
741 2370 991 2442 Astronomiou3i

67 2453 161 2513 media
174 2459 256 2511 noete
269 2470 358 2529 usque
368 2451 403 2510 ed
414 2449 535 2509 medium
549 2457 660 2510 sermm
675 2459 849 2530 sequentem.
971 2518 974 2523 ¹

106 2535 172 2604 Quo
197 2551 279 2592 sensu
307 2533 408 2591 dieitur
431 2530 558 2597 Christus
585 2530 622 2590 sd
645 2532 753 2609 Colnm,
768 2551 832 2611 esp.
860 2528 991 2593 l.v.18.

68 2618 88 2649 “
102 2613 309 2692 Primogenitus
321 2632 358 2671 ex
374 2614 490 2672 mortuis
502 2611 528 2668 :’'
549 2617 579 2670 et
595 2617 620 2672 1.
636 2611 750 2672 adcor.
766 2632 826 2692 sep.
844 2613 889 2671 15.
904 2632 932 2671 v.
943 2614 992 2672 uu.

70 2699 89 2730 “
104 2695 235 2755 Primitiee
261 2691 488 2761 dormientium,'’
510 2697 573 2752 cum
595 2702 660 2753 ente
688 2692 830 2753 Christum
850 2710 994 2772 resurgen-

67 2785 126 2836 tem
137 2777 204 2915 vssrii
218 2777 237 2834 i
250 2776 365 2835 mortuis
377 2775 552 2844 surrexerint,
576 2785 609 2835 ut
620 2773 724 2837 dicitur
738 2773 846 2833 Metth.
860 2792 925 2854 esp.
942 2771 992 2833 27.

69 2878 95 2915 v.
110 2858 149 2917 52

110 2937 170 2997 111.
196 2936 234 2998 B.
261 2936 402 3016 Imprimis
427 2935 467 2995 illi
493 2936 601 2995 Metth.
629 2955 692 3015 cap.
715 2934 764 2995 27.
779 2955 805 2993 v.
818 2934 868 2992 52.
882 2935 996 2995 narum

69 3026 349 3095 resonuerunt-post
362 3017 602 3087 Resurrectionem
614 3015 729 3088 Christi,
738 3022 770 3074 ut
782 3014 956 3094 significetur
968 3036 995 3073 v.

70 3099 119 3163 ὥ.
161 3105 180 3132 “
196 3097 238 3165 Et
257 3106 395 3156 exeuntes
415 3096 452 3155 de
466 3099 654 3157 monumentis
676 3104 738 3176 post
752 3096 997 3156 Resurrectionem

71 3180 152 3259 ejus”
183 3175 343 3261 (Christi):
373 3176 473 3235 deinde
497 3180 563 3257 quia
592 3178 715 3236 Christus
744 3179 846 3254 primus
866 3179 997 3252 omnium

70 3263 219 3321 resurrexit
228 3257 264 3318 ad
273 3260 358 3316 vitem
367 3258 565 3328 immortalem3
576 3257 623 3317 ubi
635 3257 682 3325 elii
693 3261 733 3316 ite
742 3257 998 3330 Resuscitetisunt,

71 3350 102 3402 ut
114 3343 216 3402 iterum
238 3347 411 3400 morerentur
430 3344 542 3416 postea:
564 3337 639 3398 unde
663 3341 769 3419 primus
789 3345 832 3397 est
846 3341 895 3418 qui
908 3357 999 3399 resur-

72 3425 144 3483 rexit
159 3421 371 3481 Resnrreetiens
384 3419 514 3498 perfecti.
615 3418 617 3422 ’
636 3454 645 3468 ·
667 3425 669 3430 '

87 3501 169 3563 .1V.
195 3502 321 3561 Observa
347 3507 444 3560 conus
466 3498 629 3573 Homines,
652 3498 727 3581 quod
754 3499 881 3560 Christus
907 3519 999 3561 resur·

74 3584 177 3648 rexerit
189 3602 227 3641 ex
238 3581 385 3663 sepulchro
399 3580 510 3651 eleus03
532 3583 640 3660 Corpus
652 3584 729 3642 enim
748 3581 897 3658 gloriosum
911 3600 1000 3661 pene-

74 3665 156 3726 travit
173 3662 307 3743 lapidem,
323 3664 394 3723 siout
402 3658 611 3741 januis'elausis
622 3672 717 3742 posteo
729 3664 841 3723 intravit
851 3661 887 3721 ed
902 3663 1000 3723 Dissi-

69 3746 170 3826 pulosr
190 3743 264 3848 lepis
276 3751 371 3806 eutem
396 3745 532 3808 revolutus
544 3751 587 3807 est
606 3746 818 3825 imorumento
840 3762 888 3824 per
901 3746 1000 3823 Asge-

636 3948 700 3970 Α
