2130 3990
98 162 160 230 100·
344 192 381 229 rw
480 185 653 232 raacnanna
707 222 711 231 .
745 228 748 233 .

124 331 262 402 0Qnalam
275 349 341 410 ergo
355 327 484 391 Gratiam
498 338 614 391 caueant
627 338 659 390 at
672 328 834 410 quomodo?
916 344 920 353 ·

144 413 199 471 IV.
213 412 250 472 R.
265 411 459 491 Stayaertiua:
483 414 531 475 vix
551 410 677 483 dubium,
697 414 765 492 quin
789 411 893 473 caterio
907 411 1032 492 pariboa·

105 503 220 555 causent
234 494 379 559 minorem,
397 501 484 570 ,atque
496 496 582 553 etiam
595 511 650 553 nou
665 501 724 552 tam
736 512 775 553 ex
789 511 874 573 opere
897 503 1032 572 operato„

103 579 189 654 quam
204 574 355 654 operantia:
370 571 508 651 majorem
522 583 628 647 tamen,
642 575 726 652 quam
741 575 852 635 siaolas
866 583 949 633 actua
961 577 1030 637 aina.

103 657 238 715 relatione
257 654 295 714 ad
316 655 527 715 Sacramentum
542 653 770 715 consideraretur.
811 653 892 715 Idem
906 652 1019 731 periim-

104 741 187 796 miter
200 734 246 795 dic
258 733 295 794 da
314 733 420 794 Gratiis
430 733 686 803 incantantibus,
701 753 769 814 qaas
783 755 897 797 causare
906 744 1029 815 possunt·

104 818 203 878 similis
214 817 339 886 rationis,
359 816 585 877 acSacramenta
597 814 707 875 realiter
718 824 858 896 suscepta.
908 876 911 881 .

147 897 231 960 Unde
239 896 338 956 liceto.
347 914 374 974 g.
384 895 664 975 Baptismusraalitor
672 915 753 956 susce
774 894 1025 963 rusdeleaterian.

106 998 220 1039 omnem
242 986 348 1037 reatum
371 996 472 1055 poenae,
493 997 549 1039 non
563 985 657 1039 tamen
669 976 699 1039 id
712 997 744 1039 or
764 981 770 993 '
791 975 1018 1041 arieefflcitan·

107 1070 204 1140 captus
217 1064 326 1118 tanturn
339 1061 367 1117 in
379 1065 450 1117 voto.
868 1093 869 1096 =
1021 1096 1024 1103 ·

147 1139 218 1218 Obj.
233 1139 264 1199 S.
279 1139 385 1199 Thom.
400 1145 499 1219 quaeat.
509 1139 559 1199 80.
569 1144 623 1199 art.
635 1138 663 1199 l.
673 1136 710 1199 ad
723 1136 803 1199 aare
816 1139 874 1200 ait:
890 1141 908 1173 “
919 1138 1017 1200 Dican-

106 1233 125 1257 “
141 1221 218 1291 dum,
244 1219 320 1296 qnod
339 1217 455 1279 effectus
468 1220 640 1281 Sacramenti
652 1219 689 1280 ab
702 1218 799 1299 aliquo
810 1221 917 1301 percipi
930 1228 1019 1300 pateat
1047 1236 1051 1245 ·

103 1315 124 1417 Σ·
140 1304 164 1361 si
174 1304 389 1406 Sacramentum
403 1299 509 1360 habeat
520 1301 550 1361 in
564 1309 636 1374 roto,
649 1304 776 1380 quamvis
789 1320 846 1363 non
859 1302 982 1380 accipiat
992 1303 1025 1361 in-
1062 1351 1063 1354 ,

137 1403 174 1444 re.
481 1437 486 1447 ,

143 1463 276 1524 Similiter
290 1461 449 1521 Concilium
464 1459 541 1522 Tria.
552 1463 626 1522 Sans.
637 1460 683 1522 13.
699 1482 761 1542 cap.
770 1463 799 1523 8.
813 1463 849 1522 de
861 1461 1017 1523 Bactara·
1049 1484 1054 1489 ·

107 1550 163 1618 tia,
177 1544 260 1604 dicit:
282 1541 372 1602 “Alii
385 1549 494 1603 tantum
508 1543 685 1622 spiritualiter
709 1543 860 1623 accipiunt,
883 1545 932 1622 qni
959 1552 1019 1603 voto

105 1631 125 1659 “
140 1626 307 1706 propositum
329 1623 409 1684 illum
433 1623 576 1684 caelaatam
601 1642 704 1704 paoem
730 1622 845 1683 odeum
867 1624 924 1685 fide
952 1627 1018 1696 vivi,

108 1716 126 1738 “
142 1726 205 1786 quae
220 1724 269 1785 per
283 1703 458 1765 dilectionem
471 1713 607 1785 operatur,
622 1703 745 1765 fructum
758 1705 819 1784 ejus
833 1712 863 1763 et
872 1706 1019 1767 utilitatem
1050 1734 1059 1777 ;

107 1797 126 1819 “
141 1785 291 1846 sentiunt.''
335 1784 412 1863 Ergo
431 1805 479 1864 per
492 1785 671 1845 Sacramenta
683 1786 712 1845 in
740 1795 804 1844 voto
826 1791 936 1845 tantum
963 1806 1019 1846 sus·

106 1882 192 1948 cepta
205 1865 382 1927 conferuntur
394 1866 480 1927 iidem
492 1864 616 1936 effectur,
631 1884 702 1945 quoe
715 1865 896 1927 Sacramenta
906 1876 1023 1929 causant

105 1968 141 2008 ex
156 1967 238 2029 opere
250 1956 373 2028 operato.

149 2030 185 2089 R.
199 2029 280 2107 Nego
290 2044 366 2086 cons.
381 2026 414 2084 ln
425 2033 523 2085 neutro
532 2024 608 2084 enim
618 2024 680 2086 loco
691 2024 931 2089 dicuntureodam
939 2028 1023 2089 modo

106 2110 192 2170 iidem
205 2110 309 2189 percipi
322 2106 456 2178 effectas;
473 2105 522 2166 aad
531 2107 643 2168 aaran
657 2107 784 2167 dicuntur
793 2108 908 2171 conferri
922 2117 952 2169 et
961 2129 1021 2170 sen·

107 2195 154 2251 tiri
168 2190 284 2251 effectus
298 2198 328 2248 et
337 2188 441 2248 fructus
451 2187 642 2257 Sacramenta
666 2196 799 2248 vocantur
811 2198 904 2249 autem
919 2189 1024 2250 fructus

107 2272 289 2337 sacramenti,
305 2290 360 2329 non
389 2269 467 2348 qnasi
491 2287 529 2326 ex
554 2267 736 2328 Sacramenta
762 2272 945 2348 provenirent,
974 2270 1023 2330 aad

108 2357 174 2431 quia
184 2359 248 2411 aunt
257 2350 362 2409 similes
372 2355 408 2408 ad
418 2346 625 2407 similitudinem
635 2348 787 2410 effectuum
798 2369 836 2408 ex
842 2352 1024 2411 Sacramenta

105 2433 215 2492 realiter
241 2439 383 2511 suscepto,
403 2437 433 2488 et
461 2431 528 2509 quia
553 2429 653 2490 dantur
678 2431 716 2490 ad
742 2429 823 2501 illud,
842 2442 872 2491 et
898 2433 936 2493 ad
959 2432 1024 2512 ejus

105 2524 209 2575 votum.

105 2697 136 2754 N
141 2741 146 2751 .
160 2692 210 2753 aa.
221 2693 281 2754 AN
298 2694 354 2753 ΕΤ
366 2692 582 2767 QUOMODO
594 2692 885 2753 SACRAMENTA
895 2691 1024 2754 VETE-

175 2776 241 2836 RIS
257 2775 381 2837 LEGIS
403 2773 717 2839 CONTULERIN'P
733 2774 950 2834 GRATIAM?

344 2937 374 2998 S.
391 2930 489 3001 Thom.¹
503 2944 605 3020 quaet.
618 2934 667 2997 62.
682 2940 739 2996 art.
754 2937 782 2996 6.

102 3100 126 3156 1.
140 3099 332 3160 Sacramenta
343 3099 458 3159 Veteris
472 3100 568 3177 Legio
577 3117 634 3161 aon
648 3097 829 3179 refferebant
837 3103 1024 3158 sanciantem

146 3187 298 3240 internam.
320 3180 360 3239 ΙΙ.
377 3181 437 3239 Sed
448 3189 559 3243 taniam
573 3178 708 3256 legalem.
734 3179 790 3239 ΙΙΙ.
806 3179 879 3238 Nr'az'
890 3199 927 3237 ea
937 3196 1025 3258 opere
1052 3188 1060 3193 '

144 3266 300 3339 operantia.
322 3259 376 3321 IV.
393 3262 589 3322 Oe‘reamcieio·
614 3259 648 3318 V.
672 3259 1020 3337 ‹laetificabatparoaloa

144 3343 196 3400 Vi.
220 3342 289 3410 Non
309 3362 347 3402 ea
361 3362 449 3420 opere
462 3350 587 3427 operato.
609 3336 680 3401 Vll.
696 3340 755 3401 Sed
768 3349 802 3402 at
814 3341 943 3402 conditio
957 3345 1022 3401 aiae
1042 3362 1056 3423 p

142 3442 197 3499 qua
212 3443 279 3484 raon.

142 3588 192 3644 Aa
208 3584 389 3644 Sacramenta
402 3585 496 3645 veterio
511 3582 594 3665 Legio
606 3583 773 3643 contulerint
787 3581 941 3647 Gratiam?
1019 3587 1023 3594 '
1042 3626 1051 3671 Ι

142 3664 165 3725 l.
209 3666 246 3757 R
274 3671 310 3743 lt·
336 3665 403 3731 Non
427 3664 581 3729 cantabant
602 3662 731 3728 Gratiam
755 3684 884 3748 exopera
897 3668 1022 3757 operatu
1042 3686 1060 3753 ι’
