<?xml version="1.0" encoding="UTF-8"?>
<!DOCTYPE html PUBLIC "-//W3C//DTD XHTML 1.0 Transitional//EN"
    "http://www.w3.org/TR/xhtml1/DTD/xhtml1-transitional.dtd">
<html xmlns="http://www.w3.org/1999/xhtml" xml:lang="en" lang="en">
 <head>
  <title>
</title>
<meta http-equiv="Content-Type" content="text/html;charset=utf-8" />
  <meta name='ocr-system' content='tesseract 3.04.00' />
  <meta name='ocr-capabilities' content='ocr_page ocr_carea ocr_par ocr_line ocrx_word'/>
</head>
<body>
  <div class='ocr_page' id='page_1' title='image "./theologiamorali02densgoog_0071.png"; bbox 0 0 2130 3990; ppageno 0'>
   <div class='ocr_carea' id='block_1_1' title="bbox 107 109 656 177">
    <p class='ocr_par' dir='ltr' id='par_1_1' title="bbox 107 109 656 177">
     <span class='ocr_line' id='line_1_1' title="bbox 107 109 656 177; baseline 0.013 -7"><span class='ocrx_word' id='word_1_1' title='bbox 107 109 147 170; x_wconf 69' lang='grc' dir='ltr'><strong>σο</strong></span> <span class='ocrx_word' id='word_1_2' title='bbox 481 130 656 177; x_wconf 77' lang='lat' dir='ltr'><strong>rucrrrus</strong></span> 
     </span>
    </p>
   </div>
   <div class='ocr_carea' id='block_1_2' title="bbox 143 352 1063 601">
    <p class='ocr_par' dir='ltr' id='par_1_2' title="bbox 143 352 1063 601">
     <span class='ocr_line' id='line_1_2' title="bbox 143 352 1063 429; baseline 0.009 -16"><span class='ocrx_word' id='word_1_3' title='bbox 143 355 183 414; x_wconf 87' lang='lat' dir='ltr'><strong>N.</strong></span> <span class='ocrx_word' id='word_1_4' title='bbox 198 352 248 417; x_wconf 87' lang='grc'><strong>39.</strong></span> <span class='ocrx_word' id='word_1_5' title='bbox 270 354 329 417; x_wconf 79' lang='lat' dir='ltr'><strong>Dr:</strong></span> <span class='ocrx_word' id='word_1_6' title='bbox 349 355 795 429; x_wconf 76' lang='lat' dir='ltr'>TRANSFIGURATIONE</span> <span class='ocrx_word' id='word_1_7' title='bbox 817 357 997 422; x_wconf 82' lang='lat' dir='ltr'><strong>CHRISTI.</strong></span> <span class='ocrx_word' id='word_1_8' title='bbox 1027 352 1030 357; x_wconf 66' lang='grc'><strong>’</strong></span> <span class='ocrx_word' id='word_1_9' title='bbox 1058 352 1063 361; x_wconf 76' lang='grc'><strong>’</strong></span> 
     </span>
     <span class='ocr_line' id='line_1_3' title="bbox 408 517 731 601; baseline 0.003 -23"><span class='ocrx_word' id='word_1_10' title='bbox 408 517 439 578; x_wconf 72' lang='lat' dir='ltr'><strong>S.</strong></span> <span class='ocrx_word' id='word_1_11' title='bbox 459 518 558 581; x_wconf 72' lang='lat' dir='ltr'><strong>Tium.</strong></span> <span class='ocrx_word' id='word_1_12' title='bbox 573 529 667 601; x_wconf 81' lang='lat' dir='ltr'><strong>puaest.</strong></span> <span class='ocrx_word' id='word_1_13' title='bbox 683 519 731 580; x_wconf 73' lang='lat'><strong>45.</strong></span> 
     </span>
    </p>
   </div>
   <div class='ocr_carea' id='block_1_3' title="bbox 113 676 1020 847">
    <p class='ocr_par' dir='ltr' id='par_1_3' title="bbox 113 676 1020 847">
     <span class='ocr_line' id='line_1_4' title="bbox 113 676 1020 762; baseline 0.011 -27"><span class='ocrx_word' id='word_1_14' title='bbox 113 676 138 735; x_wconf 94' lang='lat'><strong>1.</strong></span> <span class='ocrx_word' id='word_1_15' title='bbox 156 677 397 758; x_wconf 66' lang='lat' dir='ltr'><strong>Transfiguratie</strong></span> <span class='ocrx_word' id='word_1_16' title='bbox 415 680 537 743; x_wconf 76' lang='lat' dir='ltr'><strong>Christi.</strong></span> <span class='ocrx_word' id='word_1_17' title='bbox 568 681 609 742; x_wconf 89' lang='lat' dir='ltr'><strong>ll.</strong></span> <span class='ocrx_word' id='word_1_18' title='bbox 624 681 695 743; x_wconf 85' lang='lat' dir='ltr'><strong>Non</strong></span> <span class='ocrx_word' id='word_1_19' title='bbox 698 681 765 762; x_wconf 85' lang='lat' dir='ltr'><strong>fuit</strong></span> <span class='ocrx_word' id='word_1_20' title='bbox 783 685 952 743; x_wconf 78' lang='lat' dir='ltr'><strong>intrinseco.</strong></span> <span class='ocrx_word' id='word_1_21' title='bbox 974 683 1020 745; x_wconf 85' lang='lat' dir='ltr'><strong>lli</strong></span> 
     </span>
     <span class='ocr_line' id='line_1_5' title="bbox 153 759 1004 847; baseline 0.008 -29"><span class='ocrx_word' id='word_1_22' title='bbox 153 759 484 837; x_wconf 76' lang='lat' dir='ltr'><strong>Sedjrtitmr&#39;raeulosu.</strong></span> <span class='ocrx_word' id='word_1_23' title='bbox 526 762 580 823; x_wconf 90' lang='lat' dir='ltr'><strong>lV.</strong></span> <span class='ocrx_word' id='word_1_24' title='bbox 606 763 843 841; x_wconf 80' lang='lat' dir='ltr'><strong>Coramquinquc</strong></span> <span class='ocrx_word' id='word_1_25' title='bbox 856 764 1004 847; x_wconf 62' lang='lat' dir='ltr'><strong>tectibus·</strong></span> 
     </span>
    </p>
   </div>
   <div class='ocr_carea' id='block_1_4' title="bbox 55 922 1065 3180">
    <p class='ocr_par' dir='ltr' id='par_1_4' title="bbox 146 922 976 1004">
     <span class='ocr_line' id='line_1_6' title="bbox 146 922 976 1004; baseline 0.002 -22"><span class='ocrx_word' id='word_1_26' title='bbox 146 923 233 992; x_wconf 79' lang='lat' dir='ltr'><strong>Quin</strong></span> <span class='ocrx_word' id='word_1_27' title='bbox 246 925 377 1004; x_wconf 85' lang='lat' dir='ltr'><strong>importet</strong></span> <span class='ocrx_word' id='word_1_28' title='bbox 388 922 494 983; x_wconf 79' lang='lat' dir='ltr'>Christi</span> <span class='ocrx_word' id='word_1_29' title='bbox 505 924 746 1002; x_wconf 75' lang='lat' dir='ltr'><strong>Transfiguratie?</strong></span> <span class='ocrx_word' id='word_1_30' title='bbox 868 962 874 973; x_wconf 86' lang='lat'><strong>·</strong></span> <span class='ocrx_word' id='word_1_31' title='bbox 973 964 976 971; x_wconf 87' lang='lat'>-</span> 
     </span>
    </p>

    <p class='ocr_par' dir='ltr' id='par_1_5' title="bbox 92 1001 1027 1482">
     <span class='ocr_line' id='line_1_7' title="bbox 147 1001 1024 1084; baseline 0.007 -25"><span class='ocrx_word' id='word_1_32' title='bbox 147 1001 172 1059; x_wconf 93' lang='lat' dir='ltr'><strong>l.</strong></span> <span class='ocrx_word' id='word_1_33' title='bbox 189 1003 226 1061; x_wconf 91' lang='lat' dir='ltr'><strong>R.</strong></span> <span class='ocrx_word' id='word_1_34' title='bbox 242 1005 397 1081; x_wconf 79' lang='lat' dir='ltr'><strong>Significat,</strong></span> <span class='ocrx_word' id='word_1_35' title='bbox 419 1005 494 1083; x_wconf 90' lang='lat' dir='ltr'><strong>quod</strong></span> <span class='ocrx_word' id='word_1_36' title='bbox 507 1007 536 1065; x_wconf 91' lang='lat' dir='ltr'><strong>in</strong></span> <span class='ocrx_word' id='word_1_37' title='bbox 562 1006 665 1065; x_wconf 80' lang='lat' dir='ltr'>Monte</span> <span class='ocrx_word' id='word_1_38' title='bbox 682 1004 799 1064; x_wconf 83' lang='lat' dir='ltr'>Thabor</span> <span class='ocrx_word' id='word_1_39' title='bbox 814 1003 860 1084; x_wconf 90' lang='lat' dir='ltr'><strong>(ut</strong></span> <span class='ocrx_word' id='word_1_40' title='bbox 873 1007 1024 1065; x_wconf 89' lang='lat' dir='ltr'><strong>communis</strong></span> 
     </span>
     <span class='ocr_line' id='line_1_8' title="bbox 105 1080 1026 1165; baseline 0.005 -26"><span class='ocrx_word' id='word_1_41' title='bbox 105 1080 191 1142; x_wconf 83' lang='lat' dir='ltr'><strong>habet</strong></span> <span class='ocrx_word' id='word_1_42' title='bbox 204 1087 311 1164; x_wconf 79' lang='lat' dir='ltr'><strong>opinio)</strong></span> <span class='ocrx_word' id='word_1_43' title='bbox 328 1095 456 1145; x_wconf 82' lang='lat' dir='ltr'><strong>manente</strong></span> <span class='ocrx_word' id='word_1_44' title='bbox 476 1087 591 1145; x_wconf 87' lang='lat' dir='ltr'><strong>omnino</strong></span> <span class='ocrx_word' id='word_1_45' title='bbox 605 1087 753 1145; x_wconf 73' lang='lat' dir='ltr'><strong>immutati</strong></span> <span class='ocrx_word' id='word_1_46' title='bbox 767 1089 886 1165; x_wconf 89' lang='lat' dir='ltr'><strong>corporis</strong></span> <span class='ocrx_word' id='word_1_47' title='bbox 900 1095 931 1145; x_wconf 93' lang='lat' dir='ltr'><strong>et</strong></span> <span class='ocrx_word' id='word_1_48' title='bbox 950 1085 1026 1145; x_wconf 81' lang='lat' dir='ltr'><strong>facici</strong></span> 
     </span>
     <span class='ocr_line' id='line_1_9' title="bbox 92 1161 1027 1246; baseline 0.005 -26"><span class='ocrx_word' id='word_1_49' title='bbox 92 1161 305 1225; x_wconf 66' lang='lat' dir='ltr'><strong>:subsentiret</strong></span> <span class='ocrx_word' id='word_1_50' title='bbox 316 1166 416 1242; x_wconf 69' lang='lat' dir='ltr'><strong>figure,</strong></span> <span class='ocrx_word' id='word_1_51' title='bbox 437 1165 613 1246; x_wconf 80' lang='lat' dir='ltr'><strong>splendorem</strong></span> <span class='ocrx_word' id='word_1_52' title='bbox 634 1166 816 1226; x_wconf 81' lang='lat' dir='ltr'><strong>clarissimum</strong></span> <span class='ocrx_word' id='word_1_53' title='bbox 828 1164 1027 1226; x_wconf 73' lang='lat' dir='ltr'><strong>adinstar-solis</strong></span> 
     </span>
     <span class='ocr_line' id='line_1_10' title="bbox 104 1244 1027 1325; baseline 0.003 -24"><span class='ocrx_word' id='word_1_54' title='bbox 104 1244 235 1304; x_wconf 87' lang='lat' dir='ltr'><strong>emiserit.</strong></span> <span class='ocrx_word' id='word_1_55' title='bbox 268 1246 323 1306; x_wconf 82' lang='lat' dir='ltr'><strong>&#39;Its</strong></span> <span class='ocrx_word' id='word_1_56' title='bbox 336 1249 368 1305; x_wconf 78' lang='lat' dir='ltr'><strong>S.</strong></span> <span class='ocrx_word' id='word_1_57' title='bbox 383 1246 487 1306; x_wconf 72' lang='lat' dir='ltr'><strong>&#39;l‘hom</strong></span> <span class='ocrx_word' id='word_1_58' title='bbox 503 1255 531 1306; x_wconf 91' lang='lat' dir='ltr'><strong>et</strong></span> <span class='ocrx_word' id='word_1_59' title='bbox 544 1247 575 1306; x_wconf 86' lang='lat' dir='ltr'><strong>S.</strong></span> <span class='ocrx_word' id='word_1_60' title='bbox 601 1246 723 1308; x_wconf 86' lang='lat' dir='ltr'><strong>Hieron.</strong></span> <span class='ocrx_word' id='word_1_61' title='bbox 735 1248 764 1305; x_wconf 91' lang='lat' dir='ltr'><strong>in</strong></span> <span class='ocrx_word' id='word_1_62' title='bbox 778 1266 841 1325; x_wconf 85' lang='lat' dir='ltr'><strong>esp.</strong></span> <span class='ocrx_word' id='word_1_63' title='bbox 858 1245 1027 1307; x_wconf 61' lang='lat' dir='ltr'><strong>rumano.</strong></span> 
     </span>
     <span class='ocr_line' id='line_1_11' title="bbox 103 1322 1027 1407; baseline 0.005 -25"><span class='ocrx_word' id='word_1_64' title='bbox 103 1323 189 1403; x_wconf 84' lang='lat' dir='ltr'><strong>idque</strong></span> <span class='ocrx_word' id='word_1_65' title='bbox 202 1322 379 1386; x_wconf 79' lang='lat' dir='ltr'><strong>conformiter</strong></span> <span class='ocrx_word' id='word_1_66' title='bbox 388 1326 494 1387; x_wconf 85' lang='lat' dir='ltr'><strong>Matth.</strong></span> <span class='ocrx_word' id='word_1_67' title='bbox 509 1347 572 1407; x_wconf 89' lang='lat' dir='ltr'><strong>cep.</strong></span> <span class='ocrx_word' id='word_1_68' title='bbox 589 1328 635 1387; x_wconf 80' lang='lat'><strong>17.</strong></span> <span class='ocrx_word' id='word_1_69' title='bbox 678 1331 697 1361; x_wconf 88' lang='lat'>“</span> <span class='ocrx_word' id='word_1_70' title='bbox 712 1327 751 1389; x_wconf 79' lang='lat' dir='ltr'><strong>Et</strong></span> <span class='ocrx_word' id='word_1_71' title='bbox 762 1327 933 1406; x_wconf 84' lang='lat' dir='ltr'><strong>resplenduit</strong></span> <span class='ocrx_word' id='word_1_72' title='bbox 945 1327 1027 1387; x_wconf 82' lang='lat' dir='ltr'><strong>lseics</strong></span> 
     </span>
     <span class='ocr_line' id='line_1_12' title="bbox 102 1405 1015 1482; baseline 0.01 -23"><span class='ocrx_word' id='word_1_73' title='bbox 102 1405 163 1482; x_wconf 85' lang='lat' dir='ltr'><strong>ejus</strong></span> <span class='ocrx_word' id='word_1_74' title='bbox 175 1408 247 1467; x_wconf 89' lang='lat' dir='ltr'><strong>sicut</strong></span> <span class='ocrx_word' id='word_1_75' title='bbox 259 1407 308 1479; x_wconf 86' lang='lat' dir='ltr'><strong>sol,</strong></span> <span class='ocrx_word' id='word_1_76' title='bbox 324 1406 393 1466; x_wconf 85' lang='lat' dir='ltr'><strong>&amp;e.”</strong></span> <span class='ocrx_word' id='word_1_77' title='bbox 810 1444 813 1451; x_wconf 95' lang='lat'><em>·</em></span> <span class='ocrx_word' id='word_1_78' title='bbox 1010 1470 1015 1477; x_wconf 79' lang='grc'>,</span> 
     </span>
    </p>

    <p class='ocr_par' dir='ltr' id='par_1_6' title="bbox 91 1484 1065 1811">
     <span class='ocr_line' id='line_1_13' title="bbox 142 1484 1027 1568; baseline 0.005 -25"><span class='ocrx_word' id='word_1_79' title='bbox 142 1484 183 1543; x_wconf 91' lang='lat' dir='ltr'><strong>ll.</strong></span> <span class='ocrx_word' id='word_1_80' title='bbox 196 1486 282 1549; x_wconf 88' lang='lat' dir='ltr'><strong>Unde</strong></span> <span class='ocrx_word' id='word_1_81' title='bbox 295 1498 373 1548; x_wconf 87' lang='lat' dir='ltr'><strong>notet</strong></span> <span class='ocrx_word' id='word_1_82' title='bbox 383 1489 414 1546; x_wconf 87' lang='lat' dir='ltr'><strong>S.</strong></span> <span class='ocrx_word' id='word_1_83' title='bbox 424 1486 560 1560; x_wconf 75' lang='lat' dir='ltr'><strong>Thomas,</strong></span> <span class='ocrx_word' id='word_1_84' title='bbox 575 1489 652 1568; x_wconf 80' lang='lat' dir='ltr'><strong>quod</strong></span> <span class='ocrx_word' id='word_1_85' title='bbox 662 1508 717 1548; x_wconf 82' lang='lat' dir='ltr'><strong>vox</strong></span> <span class='ocrx_word' id='word_1_86' title='bbox 727 1488 777 1548; x_wconf 84' lang='lat' dir='ltr'><strong>illc</strong></span> <span class='ocrx_word' id='word_1_87' title='bbox 789 1486 1027 1565; x_wconf 61' lang='lat' dir='ltr'><strong>Transfiguratie</strong></span> 
     </span>
     <span class='ocr_line' id='line_1_14' title="bbox 91 1563 1028 1649; baseline 0.005 -25"><span class='ocrx_word' id='word_1_88' title='bbox 91 1563 150 1625; x_wconf 86' lang='lat' dir='ltr'><strong>hie</strong></span> <span class='ocrx_word' id='word_1_89' title='bbox 174 1567 272 1647; x_wconf 70' lang='lat' dir='ltr'><strong>propri</strong></span> <span class='ocrx_word' id='word_1_90' title='bbox 295 1578 324 1628; x_wconf 88' lang='lat' dir='ltr'><strong>et</strong></span> <span class='ocrx_word' id='word_1_91' title='bbox 335 1570 433 1628; x_wconf 73' lang='lat' dir='ltr'><strong>stricte</strong></span> <span class='ocrx_word' id='word_1_92' title='bbox 456 1572 528 1629; x_wconf 90' lang='lat' dir='ltr'><strong>sumi</strong></span> <span class='ocrx_word' id='word_1_93' title='bbox 542 1589 598 1630; x_wconf 90' lang='lat' dir='ltr'><strong>non</strong></span> <span class='ocrx_word' id='word_1_94' title='bbox 611 1571 699 1648; x_wconf 84' lang='lat' dir='ltr'><strong>possit</strong></span> <span class='ocrx_word' id='word_1_95' title='bbox 711 1589 761 1649; x_wconf 93' lang='lat' dir='ltr'><strong>pro</strong></span> <span class='ocrx_word' id='word_1_96' title='bbox 773 1570 927 1628; x_wconf 81' lang='lat' dir='ltr'><strong>intrinsece</strong></span> <span class='ocrx_word' id='word_1_97' title='bbox 938 1574 1028 1629; x_wconf 75' lang='lat' dir='ltr'><strong>mule·</strong></span> 
     </span>
     <span class='ocr_line' id='line_1_15' title="bbox 102 1647 1061 1731; baseline 0.006 -26"><span class='ocrx_word' id='word_1_98' title='bbox 102 1647 178 1706; x_wconf 82' lang='lat' dir='ltr'><strong>tione</strong></span> <span class='ocrx_word' id='word_1_99' title='bbox 205 1647 335 1728; x_wconf 79' lang='lat' dir='ltr'><strong>Corporis</strong></span> <span class='ocrx_word' id='word_1_100' title='bbox 350 1649 469 1720; x_wconf 84' lang='lat' dir='ltr'><strong>Christi;</strong></span> <span class='ocrx_word' id='word_1_101' title='bbox 491 1651 558 1731; x_wconf 85' lang='lat' dir='ltr'><strong>quic</strong></span> <span class='ocrx_word' id='word_1_102' title='bbox 579 1651 642 1710; x_wconf 83' lang='lat' dir='ltr'><strong>telis</strong></span> <span class='ocrx_word' id='word_1_103' title='bbox 656 1651 774 1709; x_wconf 83' lang='lat' dir='ltr'><strong>nrntotio</strong></span> <span class='ocrx_word' id='word_1_104' title='bbox 787 1647 853 1708; x_wconf 80' lang='lat' dir='ltr'><strong>lieri</strong></span> <span class='ocrx_word' id='word_1_105' title='bbox 869 1669 926 1708; x_wconf 90' lang='lat' dir='ltr'><strong>non</strong></span> <span class='ocrx_word' id='word_1_106' title='bbox 940 1655 1028 1730; x_wconf 76' lang='lat' dir='ltr'><strong>poter</strong></span> <span class='ocrx_word' id='word_1_107' title='bbox 1058 1678 1061 1683; x_wconf 95' lang='lat'>·</span> 
     </span>
     <span class='ocr_line' id='line_1_16' title="bbox 101 1727 1065 1811; baseline 0.003 -25"><span class='ocrx_word' id='word_1_108' title='bbox 101 1727 161 1787; x_wconf 79' lang='lat' dir='ltr'><strong>sind</strong></span> <span class='ocrx_word' id='word_1_109' title='bbox 176 1747 279 1807; x_wconf 78' lang='lat' dir='ltr'><strong>magne</strong></span> <span class='ocrx_word' id='word_1_110' title='bbox 291 1729 463 1803; x_wconf 78' lang='lat' dir='ltr'><strong>alteratione,</strong></span> <span class='ocrx_word' id='word_1_111' title='bbox 482 1751 567 1811; x_wconf 81' lang='lat' dir='ltr'><strong>quam</strong></span> <span class='ocrx_word' id='word_1_112' title='bbox 576 1738 643 1791; x_wconf 89' lang='lat' dir='ltr'><strong>tunc</strong></span> <span class='ocrx_word' id='word_1_113' title='bbox 657 1731 717 1790; x_wconf 90' lang='lat' dir='ltr'><strong>fieri</strong></span> <span class='ocrx_word' id='word_1_114' title='bbox 731 1750 786 1789; x_wconf 87' lang='lat' dir='ltr'><strong>non</strong></span> <span class='ocrx_word' id='word_1_115' title='bbox 800 1730 939 1789; x_wconf 67' lang='lat' dir='ltr'><strong>decebat:</strong></span> <span class='ocrx_word' id='word_1_116' title='bbox 1060 1759 1065 1772; x_wconf 85' lang='lat'><em>=</em></span> 
     </span>
    </p>

    <p class='ocr_par' dir='ltr' id='par_1_7' title="bbox 92 1807 1060 2027">
     <span class='ocr_line' id='line_1_17' title="bbox 142 1807 1060 1890; baseline 0.004 -24"><span class='ocrx_word' id='word_1_117' title='bbox 142 1807 254 1868; x_wconf 80' lang='lat' dir='ltr'><strong>Notcnt</strong></span> <span class='ocrx_word' id='word_1_118' title='bbox 279 1813 364 1869; x_wconf 83' lang='lat' dir='ltr'><strong>etium</strong></span> <span class='ocrx_word' id='word_1_119' title='bbox 385 1812 482 1870; x_wconf 80' lang='lat' dir='ltr'><strong>Sancti</strong></span> <span class='ocrx_word' id='word_1_120' title='bbox 508 1812 616 1883; x_wconf 79' lang='lat' dir='ltr'><strong>Patres,</strong></span> <span class='ocrx_word' id='word_1_121' title='bbox 639 1832 686 1889; x_wconf 85' lang='lat' dir='ltr'><strong>pcr</strong></span> <span class='ocrx_word' id='word_1_122' title='bbox 705 1809 809 1870; x_wconf 86' lang='lat' dir='ltr'><strong>lcoiem</strong></span> <span class='ocrx_word' id='word_1_123' title='bbox 822 1818 957 1890; x_wconf 77' lang='lat' dir='ltr'><strong>tanquam</strong></span> <span class='ocrx_word' id='word_1_124' title='bbox 981 1828 1027 1890; x_wconf 86' lang='lat' dir='ltr'><strong>per</strong></span> <span class='ocrx_word' id='word_1_125' title='bbox 1056 1818 1060 1861; x_wconf 71' lang='grc' dir='ltr'><strong><em>ἱ</em></strong></span> 
     </span>
     <span class='ocr_line' id='line_1_18' title="bbox 92 1891 1060 2027; baseline 0.01 -84"><span class='ocrx_word' id='word_1_126' title='bbox 92 1897 209 2027; x_wconf 62' lang='lat' dir='ltr'><strong>rpcrtem</strong></span> <span class='ocrx_word' id='word_1_127' title='bbox 236 1893 357 1970; x_wconf 88' lang='lat' dir='ltr'><strong>corporis</strong></span> <span class='ocrx_word' id='word_1_128' title='bbox 381 1895 469 1969; x_wconf 77' lang='lat' dir='ltr'><strong>magis</strong></span> <span class='ocrx_word' id='word_1_129' title='bbox 489 1891 688 1970; x_wconf 74' lang='lat' dir='ltr'><strong>aspectabilem</strong></span> <span class='ocrx_word' id='word_1_130' title='bbox 711 1900 800 1953; x_wconf 84' lang='lat' dir='ltr'><strong>totum</strong></span> <span class='ocrx_word' id='word_1_131' title='bbox 825 1893 1025 1980; x_wconf 78' lang='lat' dir='ltr'><strong>corpus-intol-</strong></span> <span class='ocrx_word' id='word_1_132' title='bbox 1054 1930 1060 1973; x_wconf 68' lang='lat'>3</span> 
     </span>
    </p>

    <p class='ocr_par' dir='ltr' id='par_1_8' title="bbox 115 1987 1065 2038">
     <span class='ocr_line' id='line_1_19' title="bbox 115 1987 1065 2038; baseline -0.001 -10"><span class='ocrx_word' id='word_1_133' title='bbox 115 1987 160 2029; x_wconf 88' lang='lat' dir='ltr'><strong>rr.</strong></span> <span class='ocrx_word' id='word_1_134' title='bbox 272 2022 276 2027; x_wconf 91' lang='lat'>.</span> <span class='ocrx_word' id='word_1_135' title='bbox 839 2016 842 2023; x_wconf 91' lang='lat'><em>.</em></span> <span class='ocrx_word' id='word_1_136' title='bbox 894 2014 900 2024; x_wconf 82' lang='lat'>.</span> <span class='ocrx_word' id='word_1_137' title='bbox 925 1989 931 2021; x_wconf 77' lang='grc' dir='ltr'>ι</span> <span class='ocrx_word' id='word_1_138' title='bbox 1062 2023 1065 2038; x_wconf 30' lang='lat' dir='ltr'>i</span> 
     </span>
    </p>

    <p class='ocr_par' dir='ltr' id='par_1_9' title="bbox 55 1988 1065 2674">
     <span class='ocr_line' id='line_1_20' title="bbox 92 1988 1065 2132; baseline 0.006 -24"><span class='ocrx_word' id='word_1_139' title='bbox 92 2088 96 2095; x_wconf 96' lang='lat'>-</span> <span class='ocrx_word' id='word_1_140' title='bbox 125 1988 202 2109; x_wconf 86' lang='lat' dir='ltr'><strong>gIll.</strong></span> <span class='ocrx_word' id='word_1_141' title='bbox 225 2050 312 2110; x_wconf 88' lang='lat' dir='ltr'><strong>Porrd</strong></span> <span class='ocrx_word' id='word_1_142' title='bbox 338 2050 399 2112; x_wconf 82' lang='lat' dir='ltr'><strong>haeo</strong></span> <span class='ocrx_word' id='word_1_143' title='bbox 425 2052 534 2112; x_wconf 71' lang='lat' dir='ltr'><strong>claritas</strong></span> <span class='ocrx_word' id='word_1_144' title='bbox 560 2052 666 2114; x_wconf 85' lang='lat' dir='ltr'><strong>Christi</strong></span> <span class='ocrx_word' id='word_1_145' title='bbox 694 2052 821 2132; x_wconf 84' lang='lat' dir='ltr'><strong>Corporis</strong></span> <span class='ocrx_word' id='word_1_146' title='bbox 845 2050 1024 2113; x_wconf 75' lang='lat' dir='ltr'><strong>fuit-cleriter</strong></span> <span class='ocrx_word' id='word_1_147' title='bbox 1059 2105 1065 2114; x_wconf 96' lang='grc'><strong>.</strong></span> 
     </span>
     <span class='ocr_line' id='line_1_21' title="bbox 103 2129 1060 2213; baseline 0.005 -26"><span class='ocrx_word' id='word_1_148' title='bbox 103 2129 219 2205; x_wconf 78' lang='lat' dir='ltr'><strong>Gloriae,</strong></span> <span class='ocrx_word' id='word_1_149' title='bbox 246 2133 358 2212; x_wconf 84' lang='lat' dir='ltr'><strong>qualem</strong></span> <span class='ocrx_word' id='word_1_150' title='bbox 386 2134 530 2193; x_wconf 84' lang='lat' dir='ltr'><strong>habebunt</strong></span> <span class='ocrx_word' id='word_1_151' title='bbox 556 2133 677 2213; x_wconf 84' lang='lat' dir='ltr'><strong>Corpora</strong></span> <span class='ocrx_word' id='word_1_152' title='bbox 697 2135 850 2193; x_wconf 86' lang='lat' dir='ltr'><strong>Bcctorum</strong></span> <span class='ocrx_word' id='word_1_153' title='bbox 865 2139 1024 2212; x_wconf 84' lang='lat' dir='ltr'><strong>postresur·</strong></span> <span class='ocrx_word' id='word_1_154' title='bbox 1055 2154 1060 2201; x_wconf 70' lang='lat'><strong>‚¹</strong></span> 
     </span>
     <span class='ocr_line' id='line_1_22' title="bbox 101 2212 1023 2292; baseline 0.003 -22"><span class='ocrx_word' id='word_1_155' title='bbox 101 2215 270 2285; x_wconf 69' lang='lat' dir='ltr'><strong>rectionem</strong></span> <span class='ocrx_word' id='word_1_156' title='bbox 292 2232 356 2272; x_wconf 88' lang='lat' dir='ltr'><strong>cum</strong></span> <span class='ocrx_word' id='word_1_157' title='bbox 370 2213 425 2273; x_wconf 81' lang='lat' dir='ltr'><strong>hec</strong></span> <span class='ocrx_word' id='word_1_158' title='bbox 439 2224 535 2274; x_wconf 86' lang='lat' dir='ltr'><strong>tumen</strong></span> <span class='ocrx_word' id='word_1_159' title='bbox 548 2213 714 2287; x_wconf 84' lang='lat' dir='ltr'><strong>differentis,</strong></span> <span class='ocrx_word' id='word_1_160' title='bbox 734 2212 810 2292; x_wconf 86' lang='lat' dir='ltr'><strong>qndd</strong></span> <span class='ocrx_word' id='word_1_161' title='bbox 829 2214 941 2274; x_wconf 79' lang='lat' dir='ltr'><strong>claritas</strong></span> <span class='ocrx_word' id='word_1_162' title='bbox 956 2212 1023 2273; x_wconf 87' lang='lat' dir='ltr'><strong>Cor-</strong></span> 
     </span>
     <span class='ocr_line' id='line_1_23' title="bbox 55 2291 1025 2374; baseline 0 -21"><span class='ocrx_word' id='word_1_163' title='bbox 55 2328 57 2334; x_wconf 60' lang='lat'>&lt;</span> <span class='ocrx_word' id='word_1_164' title='bbox 93 2296 177 2369; x_wconf 89' lang='lat' dir='ltr'><strong>poris</strong></span> <span class='ocrx_word' id='word_1_165' title='bbox 205 2291 310 2353; x_wconf 80' lang='lat' dir='ltr'><strong>Christi</strong></span> <span class='ocrx_word' id='word_1_166' title='bbox 335 2297 372 2353; x_wconf 83' lang='lat' dir='ltr'><strong>sit</strong></span> <span class='ocrx_word' id='word_1_167' title='bbox 397 2295 570 2369; x_wconf 78' lang='lat' dir='ltr'><strong>miraculose,</strong></span> <span class='ocrx_word' id='word_1_168' title='bbox 590 2315 644 2353; x_wconf 88' lang='lat' dir='ltr'><strong>nou</strong></span> <span class='ocrx_word' id='word_1_169' title='bbox 669 2294 796 2365; x_wconf 90' lang='lat' dir='ltr'><strong>illorum;</strong></span> <span class='ocrx_word' id='word_1_170' title='bbox 826 2297 893 2374; x_wconf 86' lang='lat' dir='ltr'><strong>quic</strong></span> <span class='ocrx_word' id='word_1_171' title='bbox 922 2293 1025 2353; x_wconf 75' lang='lat' dir='ltr'><strong>Christi</strong></span> 
     </span>
     <span class='ocr_line' id='line_1_24' title="bbox 102 2373 1064 2454; baseline 0.003 -23"><span class='ocrx_word' id='word_1_172' title='bbox 102 2373 208 2452; x_wconf 85' lang='lat' dir='ltr'><strong>Corpus</strong></span> <span class='ocrx_word' id='word_1_173' title='bbox 221 2384 282 2432; x_wconf 86' lang='lat' dir='ltr'><strong>erut</strong></span> <span class='ocrx_word' id='word_1_174' title='bbox 295 2374 434 2452; x_wconf 77' lang='lat' dir='ltr'><strong>possibile,</strong></span> <span class='ocrx_word' id='word_1_175' title='bbox 453 2384 486 2434; x_wconf 88' lang='lat' dir='ltr'><strong>ut</strong></span> <span class='ocrx_word' id='word_1_176' title='bbox 509 2375 664 2454; x_wconf 84' lang='lat' dir='ltr'><strong>explicatur</strong></span> <span class='ocrx_word' id='word_1_177' title='bbox 691 2375 733 2435; x_wconf 92' lang='lat' dir='ltr'><strong>N.</strong></span> <span class='ocrx_word' id='word_1_178' title='bbox 764 2376 810 2434; x_wconf 77' lang='lat'><strong>15.</strong></span> <span class='ocrx_word' id='word_1_179' title='bbox 837 2384 866 2434; x_wconf 86' lang='lat' dir='ltr'><strong>et</strong></span> <span class='ocrx_word' id='word_1_180' title='bbox 879 2375 1026 2434; x_wconf 78' lang='lat' dir='ltr'><strong>sic-etium</strong></span> <span class='ocrx_word' id='word_1_181' title='bbox 1061 2402 1064 2409; x_wconf 95' lang='lat'>·</span> 
     </span>
     <span class='ocr_line' id='line_1_25' title="bbox 102 2452 1024 2536; baseline 0.002 -23"><span class='ocrx_word' id='word_1_182' title='bbox 102 2452 229 2533; x_wconf 85' lang='lat' dir='ltr'><strong>Corporis</strong></span> <span class='ocrx_word' id='word_1_183' title='bbox 243 2455 360 2532; x_wconf 71' lang='lat' dir='ltr'><strong>agilitas,</strong></span> <span class='ocrx_word' id='word_1_184' title='bbox 379 2455 448 2514; x_wconf 91' lang='lat' dir='ltr'><strong>dum</strong></span> <span class='ocrx_word' id='word_1_185' title='bbox 461 2456 613 2514; x_wconf 74' lang='lat' dir='ltr'><strong>ambulavit</strong></span> <span class='ocrx_word' id='word_1_186' title='bbox 627 2475 712 2536; x_wconf 85' lang='lat' dir='ltr'><strong>super</strong></span> <span class='ocrx_word' id='word_1_187' title='bbox 724 2474 820 2535; x_wconf 79' lang='lat' dir='ltr'><strong>squas,</strong></span> <span class='ocrx_word' id='word_1_188' title='bbox 835 2463 865 2514; x_wconf 85' lang='lat' dir='ltr'><strong>ct</strong></span> <span class='ocrx_word' id='word_1_189' title='bbox 876 2454 1024 2526; x_wconf 77' lang='lat' dir='ltr'><strong>subtilitas,</strong></span> 
     </span>
     <span class='ocr_line' id='line_1_26' title="bbox 101 2533 1024 2673; baseline 0.004 -80"><span class='ocrx_word' id='word_1_190' title='bbox 101 2533 168 2673; x_wconf 60' lang='lat' dir='ltr'><strong>plum</strong></span> <span class='ocrx_word' id='word_1_191' title='bbox 181 2537 269 2594; x_wconf 81' lang='lat' dir='ltr'><strong>exirit</strong></span> <span class='ocrx_word' id='word_1_192' title='bbox 281 2555 318 2595; x_wconf 87' lang='lat' dir='ltr'><strong>ex</strong></span> <span class='ocrx_word' id='word_1_193' title='bbox 329 2545 406 2596; x_wconf 88' lang='lat' dir='ltr'><strong>utero</strong></span> <span class='ocrx_word' id='word_1_194' title='bbox 420 2536 513 2596; x_wconf 76' lang='lat' dir='ltr'><strong>clauso</strong></span> <span class='ocrx_word' id='word_1_195' title='bbox 528 2538 608 2596; x_wconf 82' lang='lat' dir='ltr'><strong>Divae</strong></span> <span class='ocrx_word' id='word_1_196' title='bbox 622 2535 752 2616; x_wconf 85' lang='lat' dir='ltr'><strong>Virginis,</strong></span> <span class='ocrx_word' id='word_1_197' title='bbox 774 2535 887 2595; x_wconf 81' lang='lat' dir='ltr'><strong>fuerunt</strong></span> <span class='ocrx_word' id='word_1_198' title='bbox 906 2539 1024 2597; x_wconf 76' lang='lat' dir='ltr'><strong>mirren-</strong></span> 
     </span>
     <span class='ocr_line' id='line_1_27' title="bbox 112 2633 943 2674; baseline 0.001 0"><span class='ocrx_word' id='word_1_199' title='bbox 112 2633 180 2674; x_wconf 83' lang='lat' dir='ltr'><strong>osae.</strong></span> <span class='ocrx_word' id='word_1_200' title='bbox 301 2642 305 2650; x_wconf 91' lang='lat'>·</span> <span class='ocrx_word' id='word_1_201' title='bbox 576 2646 580 2653; x_wconf 94' lang='lat'>·</span> <span class='ocrx_word' id='word_1_202' title='bbox 940 2654 943 2659; x_wconf 94' lang='lat'>-</span> 
     </span>
    </p>

    <p class='ocr_par' dir='ltr' id='par_1_10' title="bbox 140 2692 938 2776">
     <span class='ocr_line' id='line_1_28' title="bbox 140 2692 938 2776; baseline 0.004 -22"><span class='ocrx_word' id='word_1_203' title='bbox 140 2698 188 2754; x_wconf 87' lang='lat' dir='ltr'><strong>An</strong></span> <span class='ocrx_word' id='word_1_204' title='bbox 201 2692 313 2756; x_wconf 76' lang='lat' dir='ltr'><strong>ficerunt</strong></span> <span class='ocrx_word' id='word_1_205' title='bbox 323 2694 441 2755; x_wconf 80' lang='lat' dir='ltr'><strong>adhibiti</strong></span> <span class='ocrx_word' id='word_1_206' title='bbox 454 2704 537 2756; x_wconf 86' lang='lat' dir='ltr'><strong>testes</strong></span> <span class='ocrx_word' id='word_1_207' title='bbox 548 2699 578 2757; x_wconf 89' lang='lat' dir='ltr'><strong>in</strong></span> <span class='ocrx_word' id='word_1_208' title='bbox 591 2695 874 2776; x_wconf 79' lang='lat' dir='ltr'><strong>Transfiguratioue?</strong></span> <span class='ocrx_word' id='word_1_209' title='bbox 936 2752 938 2757; x_wconf 91' lang='lat'><em>.</em></span> 
     </span>
    </p>

    <p class='ocr_par' dir='ltr' id='par_1_11' title="bbox 88 2774 1028 3180">
     <span class='ocr_line' id='line_1_29' title="bbox 141 2774 1027 2858; baseline 0.002 -24"><span class='ocrx_word' id='word_1_210' title='bbox 141 2775 197 2835; x_wconf 86' lang='lat' dir='ltr'><strong>IV.</strong></span> <span class='ocrx_word' id='word_1_211' title='bbox 221 2776 258 2836; x_wconf 80' lang='lat' dir='ltr'><strong>R.</strong></span> <span class='ocrx_word' id='word_1_212' title='bbox 287 2774 480 2836; x_wconf 75' lang='lat' dir='ltr'><strong>Affirmutire:</strong></span> <span class='ocrx_word' id='word_1_213' title='bbox 514 2778 657 2858; x_wconf 84' lang='lat' dir='ltr'><strong>Quinque,</strong></span> <span class='ocrx_word' id='word_1_214' title='bbox 690 2780 815 2837; x_wconf 88' lang='lat' dir='ltr'><strong>seilicet:</strong></span> <span class='ocrx_word' id='word_1_215' title='bbox 852 2775 971 2854; x_wconf 82' lang='lat' dir='ltr'><strong>Moyses</strong></span> <span class='ocrx_word' id='word_1_216' title='bbox 998 2782 1027 2837; x_wconf 79' lang='lat' dir='ltr'><strong>er</strong></span> 
     </span>
     <span class='ocr_line' id='line_1_30' title="bbox 103 2854 1028 2938; baseline 0.002 -23"><span class='ocrx_word' id='word_1_217' title='bbox 103 2854 191 2929; x_wconf 81' lang='lat' dir='ltr'><strong>Elias,</strong></span> <span class='ocrx_word' id='word_1_218' title='bbox 204 2860 262 2936; x_wconf 88' lang='lat' dir='ltr'><strong>qni,</strong></span> <span class='ocrx_word' id='word_1_219' title='bbox 284 2865 317 2916; x_wconf 89' lang='lat' dir='ltr'><strong>ut</strong></span> <span class='ocrx_word' id='word_1_220' title='bbox 336 2856 405 2916; x_wconf 88' lang='lat' dir='ltr'><strong>dicit</strong></span> <span class='ocrx_word' id='word_1_221' title='bbox 418 2858 490 2917; x_wconf 87' lang='lat' dir='ltr'><strong>Luc.</strong></span> <span class='ocrx_word' id='word_1_222' title='bbox 505 2879 568 2938; x_wconf 84' lang='lat' dir='ltr'><strong>cup.</strong></span> <span class='ocrx_word' id='word_1_223' title='bbox 583 2858 611 2917; x_wconf 91' lang='lat'><strong>9.</strong></span> <span class='ocrx_word' id='word_1_224' title='bbox 621 2880 651 2917; x_wconf 78' lang='lat' dir='ltr'><strong>r.</strong></span> <span class='ocrx_word' id='word_1_225' title='bbox 666 2856 1028 2935; x_wconf 75' lang='lat' dir='ltr'><strong>30.et31..10quebcnrur</strong></span> 
     </span>
     <span class='ocr_line' id='line_1_31' title="bbox 88 2937 1025 3019; baseline 0 -23"><span class='ocrx_word' id='word_1_226' title='bbox 88 2957 167 2996; x_wconf 85' lang='lat' dir='ltr'><strong>-cum</strong></span> <span class='ocrx_word' id='word_1_227' title='bbox 180 2937 293 2998; x_wconf 86' lang='lat' dir='ltr'><strong>Christo</strong></span> <span class='ocrx_word' id='word_1_228' title='bbox 307 2938 343 2997; x_wconf 82' lang='lat' dir='ltr'><strong>de</strong></span> <span class='ocrx_word' id='word_1_229' title='bbox 353 2958 478 3009; x_wconf 84' lang='lat' dir='ltr'><strong>excessu,</strong></span> <span class='ocrx_word' id='word_1_230' title='bbox 500 2959 581 3019; x_wconf 86' lang='lat' dir='ltr'><strong>quem</strong></span> <span class='ocrx_word' id='word_1_231' title='bbox 596 2940 781 3018; x_wconf 85' lang='lat' dir='ltr'><strong>completurus</strong></span> <span class='ocrx_word' id='word_1_232' title='bbox 795 2947 855 2998; x_wconf 78' lang='lat' dir='ltr'><strong>erat</strong></span> <span class='ocrx_word' id='word_1_233' title='bbox 867 2941 894 2995; x_wconf 91' lang='lat' dir='ltr'><strong>in</strong></span> <span class='ocrx_word' id='word_1_234' title='bbox 909 2938 929 2996; x_wconf 91' lang='lat' dir='ltr'>J</span> <span class='ocrx_word' id='word_1_235' title='bbox 932 2956 1025 3010; x_wconf 77' lang='lat' dir='ltr'><strong>erusc-</strong></span> 
     </span>
     <span class='ocr_line' id='line_1_32' title="bbox 89 3016 1027 3092; baseline 0.005 -15"><span class='ocrx_word' id='word_1_236' title='bbox 89 3018 167 3091; x_wconf 79' lang='lat' dir='ltr'><strong>lem,</strong></span> <span class='ocrx_word' id='word_1_237' title='bbox 187 3017 218 3078; x_wconf 88' lang='lat' dir='ltr'><strong>id</strong></span> <span class='ocrx_word' id='word_1_238' title='bbox 240 3025 292 3092; x_wconf 86' lang='lat' dir='ltr'><strong>est,</strong></span> <span class='ocrx_word' id='word_1_239' title='bbox 311 3017 354 3078; x_wconf 81' lang='lat' dir='ltr'><strong>de·</strong></span> <span class='ocrx_word' id='word_1_240' title='bbox 376 3021 509 3080; x_wconf 70' lang='lat' dir='ltr'><strong>Ponione</strong></span> <span class='ocrx_word' id='word_1_241' title='bbox 535 3029 565 3080; x_wconf 82' lang='lat' dir='ltr'><strong>ct</strong></span> <span class='ocrx_word' id='word_1_242' title='bbox 591 3020 686 3079; x_wconf 90' lang='lat' dir='ltr'><strong>Morte</strong></span> <span class='ocrx_word' id='word_1_243' title='bbox 711 3019 825 3078; x_wconf 84' lang='lat' dir='ltr'><strong>Christi.</strong></span> <span class='ocrx_word' id='word_1_244' title='bbox 842 3041 847 3077; x_wconf 78' lang='lat'><em>2</em></span> <span class='ocrx_word' id='word_1_245' title='bbox 864 3016 1027 3082; x_wconf 81' lang='lat' dir='ltr'><strong>Adfuemnt</strong></span> 
     </span>
     <span class='ocr_line' id='line_1_33' title="bbox 100 3099 950 3180; baseline 0.001 -22"><span class='ocrx_word' id='word_1_246' title='bbox 100 3101 186 3160; x_wconf 81' lang='lat' dir='ltr'><strong>etiem</strong></span> <span class='ocrx_word' id='word_1_247' title='bbox 200 3107 252 3162; x_wconf 85' lang='lat' dir='ltr'><strong>tres</strong></span> <span class='ocrx_word' id='word_1_248' title='bbox 266 3099 404 3180; x_wconf 83' lang='lat' dir='ltr'><strong>Apostoli,</strong></span> <span class='ocrx_word' id='word_1_249' title='bbox 426 3100 546 3169; x_wconf 69' lang='lat' dir='ltr'><strong>Petrus·</strong></span> <span class='ocrx_word' id='word_1_250' title='bbox 555 3101 681 3162; x_wconf 79' lang='lat' dir='ltr'><strong>dscobus</strong></span> <span class='ocrx_word' id='word_1_251' title='bbox 695 3107 725 3163; x_wconf 86' lang='lat' dir='ltr'><strong>et</strong></span> <span class='ocrx_word' id='word_1_252' title='bbox 735 3101 874 3161; x_wconf 77' lang='lat' dir='ltr'><strong>loannes.</strong></span> <span class='ocrx_word' id='word_1_253' title='bbox 946 3118 950 3127; x_wconf 94' lang='lat'><em>·</em></span> 
     </span>
    </p>
   </div>
   <div class='ocr_carea' id='block_1_5' title="bbox 0 0 1070 3990">
    <p class='ocr_par' dir='ltr' id='par_1_12' title="bbox 0 0 1070 3990">
     <span class='ocr_line' id='line_1_34' title="bbox 0 0 1070 3990; baseline 0 1"><span class='ocrx_word' id='word_1_254' title='bbox 0 0 1070 3990; x_wconf 95' lang='lat' dir='ltr'><strong> </strong></span> 
     </span>
    </p>
   </div>
  </div>
 </body>
</html>
