2130 3990
317 221 359 263 na
380 214 593 263 nnonanrsnra
856 192 920 257 265

40 369 88 431 .V.
111 368 155 426 20·
171 365 295 426 Materia
317 363 509 424 consecranda
536 362 621 422 debet
640 380 702 420 esse
735 358 921 432 determinato

43 451 209 532 particulari
224 467 271 528 per
298 448 481 505 intentionem
511 444 706 515 consecrantis,
725 441 811 521 idque
823 441 861 505 ad
874 460 920 502 ra·

40 552 83 591 ern
105 531 285 601 sacramenti,
307 538 365 587 tum
386 534 498 607 propter
521 527 685 606 pronomina
706 521 923 583 demonstrativa

40 636 45 667 ε
71 621 102 673 et
128 613 189 680 hie,
218 618 277 668 turn
306 611 373 688 quia
400 610 525 667 actiones
549 613 613 666 sunt
641 607 715 667 circa
728 604 881 682 singularia
892 610 923 660 et

40 695 196 753 erminata:
217 691 318 749 sufficit
343 700 445 749 tamen
457 688 651 746 determinatio
673 688 703 744 in
726 692 784 743 toto
799 683 920 763 objecto,

40 773 69 833 td
91 774 259 854 proponitur,
281 790 307 831 v.
333 792 361 850 g.
384 769 460 849 quod
471 768 609 828 Sacerdos
622 765 749 826 intendat
762 782 923 825 consecrare

43 875 96 914 nes
121 855 240 914 Hostias
267 861 430 930 praesentes,
449 850 516 910 licet
541 850 653 908 illarum
676 867 825 907 numerum
844 848 923 924 igno·

40 981 44 994 .
90 935 169 996 Vide
183 934 274 995 Num.
288 931 340 992 39.
362 941 392 990 et
404 941 459 991 tres
472 939 621 1012 sequentes
636 928 671 989 de
685 929 882 989 Sacramenta
892 927 922 986 in

40 1036 116 1079 one.

320 1172 607 1234 COROLLARIA.

40 1336 136 1401 Urna
159 1336 261 1396 inferes
291 1336 330 1394 l⁰·
354 1335 507 1396 invalidam
532 1356 594 1395 esse
622 1334 877 1406 consecrationem,
895 1342 927 1394 nt

41 1422 67 1480 it
79 1418 202 1478 Missale
217 1418 381 1476 Romanum
404 1420 440 1477 de
453 1416 616 1499 defectibus
630 1416 737 1487 Missa,
758 1415 855 1495 siquis
874 1415 927 1476 ha·

40 1508 174 1559 alcoram
186 1519 217 1556 se
238 1499 371 1558 undecim
398 1499 523 1566 Hostias,
543 1506 572 1558 et
584 1497 712 1559 intendat
723 1496 815 1557 solum
828 1497 927 1557 decem

40 1599 169 1650 reserare,
182 1600 238 1638 non
251 1579 439 1640 determinans
448 1600 517 1659 quas
528 1580 626 1639 decem
637 1578 774 1649 intendat,
790 1598 848 1638 non
861 1598 926 1637 oon-

40 1670 113 1722 rrat..
125 1707 132 1720 .
142 1667 229 1728 secus,
250 1663 274 1719 si
288 1670 386 1742 putans
399 1661 516 1740 quidem
529 1679 589 1720 esse
602 1659 710 1731 decem,
732 1667 827 1718 tamen
841 1659 929 1720 voluit

39 1763 98 1802 raes
112 1760 280 1811 consecrare,
304 1763 371 1823 quas
385 1756 478 1801 corant
493 1763 524 1801 se
536 1740 675 1801 habebat:
703 1781 746 1799 ...
765 1748 849 1820 atque
862 1740 928 1801 ideo

40 1843 99 1883 rnes
123 1822 291 1881 Sacerdotes
314 1824 398 1882 talem
421 1825 608 1882 intentionem
624 1821 727 1881 habere
745 1821 855 1894 debent,
876 1826 929 1883 soi·

40 1913 180 2044 pteomnes
206 1903 393 1978 consecrandi,
414 1920 482 1984 ques
508 1913 575 1964 ante
601 1923 632 1963 se
656 1903 692 1963 ad
707 1903 929 1965 consecrandum

75 1993 115 2044 nt.

42 2065 93 2126 Ob
105 2067 180 2124 hanc
192 2067 387 2135 intentionem,
411 2069 434 2124 si
448 2065 586 2126 Sacerdos
598 2067 626 2125 in
638 2066 767 2125 manibus
780 2069 931 2127 inscienter

40 2149 111 2206 ‚beat
124 2147 196 2205 duas
211 2146 330 2225 majores
340 2146 470 2215 Hostias,
486 2147 624 2206 habentur
636 2148 727 2207 ambae
741 2156 929 2220 consecratae;

40 2229 211 2306 ascribitque
239 2228 358 2288 Missale
385 2229 558 2302 Romanum,
586 2237 735 2307 utramque
760 2229 844 2288 simul
870 2250 930 2289 esse

40 2309 181 2367 mendam.

42 2391 86 2448 2⁰·
113 2390 181 2448 Non
209 2392 363 2449 consecrari
391 2389 507 2448 Hostias
539 2389 642 2469 positas
662 2391 692 2450 in
718 2389 820 2466 Alteri,
845 2393 931 2452 inscio

40 2472 120 2530 nnino
131 2471 282 2529 Sacerdote
293 2495 300 2542 ;
315 2471 440 2530 voluntas
454 2474 529 2529 enim
543 2492 598 2530 non
610 2471 696 2530 femur
707 2473 734 2532 in
748 2473 931 2550 incognitum.

43 2551 89 2610 3⁰·
105 2552 193 2610 Serus
206 2555 277 2620 verri,
299 2553 325 2610 si
351 2552 487 2611 Sacerdos
506 2554 567 2631 ipse
581 2554 623 2611 vel
637 2553 717 2626 alter,
742 2553 802 2631 ipso
812 2554 932 2632 jubente

39 2634 47 2692 l
60 2633 234 2701 advertente,
258 2653 304 2691 eas
319 2633 520 2693 consecrandas
534 2633 571 2692 ad
585 2632 683 2692 Altare
697 2633 841 2707 detulerit;
862 2636 933 2696 licit

40 2734 133 2794 uapore
147 2717 361 2773 consecrationis
383 2714 480 2773 adeas
499 2734 553 2772 non
568 2715 709 2772 reflectat:
730 2716 796 2793 quia
808 2726 933 2775 remanet

40 2799 127 2854 tentio
154 2795 295 2864 virtualis;
329 2796 413 2854 modo
445 2805 539 2853 tamen
565 2804 690 2874 tempore
718 2800 953 2856 consecrationis

40 2880 136 2954 positae
151 2879 207 2934 sint
221 2875 331 2934 Hostia
356 2877 405 2934 tali
419 2876 503 2934 modo
524 2885 552 2934 et
566 2875 635 2945 loco,
654 2877 728 2935 sicut
741 2875 851 2935 Hostia
864 2898 931 2937 con-

40 2957 149 3028 orandae
161 2959 188 3014 in
201 2958 291 3015 Alteri
303 2957 405 3035 deponi
417 2957 515 3016 solent.

47 3038 88 3093 4⁰·
117 3039 287 3096 Consecrato
311 3038 416 3107 Calioe,
437 3059 491 3096 non
516 3040 670 3095 consecrari
692 3045 784 3117 guttas
800 3037 868 3098 Vini
881 3059 932 3098 ex·

40 3122 92 3178 rirls
120 3119 211 3177 Calici
239 3118 413 3192 adherentes,
433 3119 577 3198 supposita
599 3120 751 3178 intentione
778 3120 934 3181 ordinaria:

40 3199 82 3258 lde
111 3203 172 3257 sine
194 3202 323 3277 scrupulo
341 3203 446 3259 similes
460 3208 545 3280 gutta
557 3208 623 3259 snut
635 3199 824 3280 abstergenda
846 3205 933 3262 etiam

40 3288 69 3341 st
82 3280 338 3339 consecrationem.

46 3365 90 3419 5⁰‘
107 3363 153 3419 De
181 3363 266 3439 guttis
287 3366 349 3419 vero
373 3360 464 3420 Calici
486 3361 612 3436 intentis,
639 3382 690 3420 seu
713 3364 788 3422 intra
814 3384 935 3444 cuppam

40 3442 226 3509 inarantibus,
248 3452 277 3500 et
291 3446 308 3501 a
322 3449 380 3501 toto
392 3445 534 3522 separatis,
546 3446 653 3502 variant
665 3445 826 3504 cenantis:
848 3465 937 3525 quare

40 3523 133 3582 licitus
153 3526 188 3582 sit
210 3524 347 3583 Sacerdos
370 3544 417 3582 eas
431 3524 589 3600 abstergere
616 3531 683 3583 ante
709 3524 879 3585 oblationem
893 3531 937 3587 vel

40 3607 278 3680 insacrationem5
299 3611 362 3684 post
375 3605 619 3667 consecrationem
639 3611 732 3666 autem
745 3605 867 3686 abstergi
881 3629 936 3669 non
