2130 3990
349 229 390 272 aa
413 227 634 275 racusanus.
741 216 748 225 ·
896 209 957 271 275

49 455 69 513 l.
97 456 144 513 18.
169 455 228 517 DE
249 455 402 517 FORMA
425 452 804 518 CONSECRATlONlS
820 450 955 513 PANlS.

260 618 292 677 S.
310 618 407 678 Tlrom.
420 617 441 676 3
455 626 550 700 qnaeat.
566 617 614 676 78.
630 623 686 676 art.
700 617 730 674 2.

49 777 179 841 ‚Forma
197 781 435 841 Coneeerotr'onro
451 781 556 840 Panis.
599 778 639 837 ΙΙ.
656 777 735 838 Hoc.
749 777 807 836 111.
821 777 885 837 liat.
902 776 955 837 tv.

64 860 166 925 Enim
186 863 311 941 Corpus.
350 861 389 921 V.
404 861 516 922 Meum.

65 1023 170 1082 Srcur
183 1026 301 1082 materia
313 1026 526 1084 consecrationis
536 1030 579 1081 est
587 1021 692 1101 duplex
705 1020 834 1100 partialis,
848 1021 960 1080 scilicet

48 1106 118 1162 ’sanis
131 1114 162 1163 et
175 1103 293 1178 Vinum,
312 1108 352 1164 ita
364 1107 450 1166 etiam
477 1114 521 1164 est
534 1103 639 1184 duplex
652 1101 743 1162 forma
756 1101 878 1184 partialis
892 1105 958 1161 utri-

48 1203 82 1243 ue
98 1187 222 1245 materia
235 1186 462 1266 correspondens.

69 1267 216 1335 Quanam
226 1276 268 1327 est
278 1265 367 1325 forme
381 1267 602 1326 consecrationis
613 1265 719 1324 Panis?

69 1346 99 1405 1.
127 1346 165 1407 R.
179 1346 289 1409 Usitate
314 1357 357 1407 est
369 1347 447 1407 hae:
466 1347 538 1407 Hoc
562 1355 607 1406 est
620 1349 696 1404 enirn
714 1347 827 1422 Corpus
847 1364 959 1404 meum:

48 1430 129 1487 mnia
152 1427 202 1487 illa
229 1429 314 1487 rerba
339 1437 405 1486 sunt
428 1428 589 1487 essentialia
609 1439 706 1506 praeter
719 1432 806 1499 enim,
827 1446 959 1505 quovox

48 1517 142 1567 rutum
169 1506 284 1568 additur
306 1529 355 1588 pro
381 1513 589 1569 continuatione
616 1511 759 1568 sermonis.
799 1508 855 1577 Qui
881 1505 960 1566 illam

48 1608 127 1648 tmen
141 1589 295 1648 voluntarie
309 1591 456 1663 omitteret,
475 1591 562 1669 juxta
580 1589 674 1668 plures
687 1591 804 1666 graviter
819 1598 961 1667 peccaret:

48 1670 108 1746 no'd
122 1672 212 1748 magis
236 1679 343 1730 certum
368 1678 410 1730 est
423 1671 458 1728 de
480 1672 539 1739 illo,
561 1673 610 1748 qui
631 1672 775 1729 omitteret
796 1668 960 1748 rerbapra·

49 1749 182 1811 edentia:
206 1750 376 1829 Qui'pn'de'b
389 1756 477 1830 qudrn
484 1757 648 1830 poteretur,
667 1755 717 1826 33⁴0.

74 1831 202 1910 Explica
213 1833 324 1911 singula
336 1832 419 1891 verba
433 1835 508 1893 illius
522 1832 618 1891 formes
630 1833 641 1891 i

69 1912 115 1971 .11.
135 1914 171 1971 R.
200 1911 360 1972 Pronomen
384 1914 439 1972 hoo
453 1915 559 1993 duplici
583 1933 665 1972 sensu
689 1914 778 1993 accipi
791 1919 898 1992 potest:
918 1912 962 1970 rel

48 1993 226 2066 obstantiae,
245 2015 400 2074 sensusque
423 1996 615 2074 propositionis
629 1999 697 2054 erit:
718 1995 784 2067 hoc,
798 1993 873 2071 quod
886 1991 964 2050 vobio

48 2075 114 2133 rado
138 2075 191 2133 sub
221 2075 265 2133 his
288 2078 444 2149 involucris,
465 2085 508 2136 eat
539 2077 653 2152 Corpus
672 2095 776 2134 meum,
819 2073 964 2133 Velrumi

48 2165 128 2229 potest
147 2157 304 2236 aspicisne,
325 2164 355 2214 et
377 2156 471 2215 referri
484 2156 520 2215 ad
538 2157 650 2233 Corpus
672 2176 783 2227 meum;
804 2157 887 2214 etric
899 2174 962 2212 sen·

48 2256 81 2295 rus
93 2241 160 2296 erit:
187 2238 362 2297 Contentum
386 2237 439 2295 sub
459 2238 613 2316 speciebus
627 2237 724 2297 Panis
739 2237 844 2311 influe
859 2234 963 2315 prola·

48 2321 129 2377 tionrir
149 2327 194 2378 est
224 2319 338 2396 Corpus
360 2339 468 2386 meon·
491 2320 534 2378 vel
554 2317 640 2395 juxta
653 2320 740 2377 alios:
764 2317 832 2378 Hac
851 2318 964 2396 Corpus

48 2407 82 2457 rot
97 2399 211 2477 Corpus
221 2419 324 2457 areum.
369 2401 458 2458 Hunc
472 2420 584 2458 sensum
600 2399 753 2479 praeferunt
767 2399 803 2458 ob
816 2401 963 2478 paritatem

47 2482 223 2559 expressionis
250 2485 279 2538 in
301 2481 390 2539 forma
416 2481 529 2553 Calicis,
549 2480 598 2539 ubi
613 2483 726 2559 ponitur
738 2498 890 2559 pronomen
903 2480 964 2538 dic.

78 2562 107 2618 N
109 2582 144 2619 ec
151 2561 215 2620 ideo
222 2560 312 2620 t'orma
321 2569 364 2620 ost
372 2566 522 2642 propositio
530 2561 662 2631 identioa,
676 2561 965 2640 licetpronomenkoc

48 2639 163 2721 designet
181 2642 310 2720 Corpus:
333 2645 464 2722 quianon
479 2642 607 2718 designat
621 2644 734 2720 Corpus
748 2642 849 2701 eodem
860 2641 963 2712 modo;

48 2729 140 2783 etenim
165 2725 194 2780 iu
219 2723 342 2801 subjecto
358 2723 485 2802 designat
509 2724 621 2800 Corpus
634 2723 749 2783 confuse
765 2731 794 2782 et
805 2722 965 2781 indetermi-

48 2805 102 2862 uat'e
128 2802 312 2882 significando
337 2824 395 2861 rem
410 2813 582 2873 contentam,
604 2813 633 2861 et
656 2805 682 2862 iu
707 2804 854 2883 praedicato
869 2800 966 2860 infine

48 2886 197 2957 prolationis
224 2883 363 2960 significat
389 2885 575 2943 determinate
599 2887 688 2962 ipsun]
712 2888 815 2964 Corpus
842 2883 964 2943 Christi:

47 2966 107 3023 sicut
119 2987 144 3025 v.
161 2985 188 3042 g.
203 2964 418 3024 demonstrando
446 2967 589 3025 hominem
613 2967 750 3023 dicerem:
772 2964 841 3024 Hoc
855 2964 970 3022 onrinal

47 3053 80 3103 nt
91 3047 179 3105 lromo
190 3071 200 3103 .·
223 3045 269 3104 ubi
293 3051 320 3105 iu
336 3047 462 3125 subjecto
487 3047 600 3126 quidem
616 3047 702 3105 homo
715 3046 897 3126 significatur,
916 3045 965 3103 sed

47 3130 125 3205 uagis
136 3128 320 3186 determinate
335 3130 363 3185 in
387 3131 545 3206 praedicato.

76 3213 107 3267 δί
134 3209 197 3267 loeo
211 3209 265 3266 lenc
291 3221 443 3287 poneretur
469 3208 546 3267 illud
558 3210 599 3268 vel
615 3211 703 3282 osteo,
723 3209 809 3287 juxta
825 3207 967 3265 Daelman

48 3290 164 3347 nvalida
191 3289 263 3347 foret
287 3291 482 3348 consecratio:
510 3290 586 3369 quod
614 3293 727 3369 Sylvius
749 3300 778 3347 et
790 3288 838 3346 alii
851 3285 966 3365 quidem

47 3370 193 3429 rdrrrittunt
206 3365 241 3427 d'e
257 3372 393 3450 particula
408 3372 484 3431 r'llnd
493 3397 500 3443 ;
522 3374 568 3431 sed
585 3374 689 3436 dicunt,
704 3370 872 3450 particulam
886 3371 970 3427 titud

47 3472 92 3510 cnr
123 3461 290 3531 praesenteur
305 3451 474 3513 sufficienter
501 3454 655 3531 designare,
678 3453 803 3530 adeoque
827 3453 867 3509 sic
882 3451 967 3510 etiam

49 3535 127 3592 alere
144 3534 402 3592 Consecrationcm.
