2130 3990
107 167 171 249 ¹81²
491 184 683 243 cancarrus.

144 328 220 388 Haec
246 338 277 387 et
290 330 345 391 alia
366 329 486 409 plurima
506 338 617 401 nonen„
631 327 796 407 dignissima
814 329 902 393 sideri
916 342 1041 412 mutti-

103 409 179 489 apud
195 409 371 489 Congiamila
382 412 411 470 in
427 412 532 495 eaintio
545 430 627 490 opere
641 408 676 504 de
691 410 904 492 Embryologia
919 412 1029 486 Sanoua

102 491 146 550 vel
160 494 190 569 ia
210 491 388 572 Compendio
412 491 494 553 illiue
516 491 590 571 quod
610 490 715 570 gallico
727 493 863 561 idomate
874 493 966 559 edidit
976 497 1027 557 Di·

102 583 211 633 nouart.

120 735 161 793 a.
176 733 226 795 25.
249 734 308 795 on
328 734 599 796 aaarrzanoo
622 731 751 801 renco
771 699 1023 801 anonrrvn..

100 896 123 955 Ι.
143 897 294 965 Quomodo
320 897 511 977 baptizandus
523 896 620 968 fotor
639 881 795 957 abortivus.
836 897 878 959 lt.
895 899 1021 964 Qooodo·¹

141 977 305 1058 oromsatoe
325 982 477 1039 anonetor.
512 977 572 1039 Ill.
596 976 963 1060 Odseroondoproproai.

137 1142 204 1200 Pan
232 1139 334 1201 foetum
361 1140 517 1201 abortivum
537 1138 702 1219 intelligitur
726 1138 822 1216 ferus,
841 1144 891 1221 qui
906 1161 1020 1222 prame-1

100 1223 162 1281 tare
176 1220 419 1282 inlucemeditnr.
942 1254 947 1265 ·
1015 1260 1018 1269 ·

140 1304 187 1362 An
199 1303 260 1363 talis
275 1303 357 1362 debet
367 1300 529 1382 baptizari?

139 1383 164 1443 Ι.
181 1384 217 1443 R.
232 1383 369 1443 Absolute
384 1382 469 1442 debet
482 1383 627 1462 baptizari,
638 1383 661 1442 si
672 1391 777 1443 certum
786 1385 832 1454 sit,
848 1383 925 1464 quod
936 1388 1019 1447 visne

97 1468 150 1525 etib
165 1464 332 1535 conditione,
354 1467 377 1524 si
391 1464 557 1539 dubitetur,
576 1484 614 1524 an
631 1466 723 1524 vivat:
742 1464 820 1526 nollo
834 1465 920 1527 modo
932 1475 1012 1546 potest

97 1547 241 1628 baptizari,
259 1548 282 1606 si
297 1556 415 1616 constet,
435 1553 579 1605 mortuum
590 1565 661 1605 esse.
762 1565 765 1570 ·
1015 1580 1017 1587 ,

138 1626 324 1690 Quandnnam
338 1626 424 1687 foetus
436 1628 532 1687 anima
543 1626 671 1687 maenadi
683 1627 844 1689 animatur?

134 1709 174 1769 Il.
190 1709 228 1774 R.
246 1708 361 1768 Certum
374 1717 425 1782 est,
444 1707 544 1769 factum
557 1709 676 1768 animari
702 1708 752 1768 din·
763 1719 830 1771 anta
843 1715 962 1788 partum,
983 1722 1020 1771 ct.

95 1792 195 1870 probat
214 1792 388 1869 experientia
411 1791 440 1849 in
464 1789 617 1849 infantibus
639 1809 677 1848 ex
692 1792 789 1851 matris
802 1797 883 1851 ntero
897 1793 1040 1863 excisio:-¹

95 1871 168 1931 unde
195 1874 294 1930 merito
318 1869 463 1931 damnavit
484 1871 663 1930 Innocentius
677 1868 734 1930 XI.
749 1871 823 1930 bane
835 1871 886 1930 35.
900 1876 1010 1951 proposi·
1049 1876 1059 1925 Ξ

92 1958 216 2012 tionem:
238 1950 391 2011 “Videtur
415 1950 559 2030 probabile
584 1970 695 2010 ornnem
709 1950 818 2022 foetcrn,
841 1952 1023 2031 quamdinin.
1049 1924 1059 2019 l

94 2042 173 2095 utero
200 2042 251 2102 est,
273 2052 365 2091 carere
388 2034 482 2092 animi
502 2032 639 2100 rationali,
661 2041 690 2091 at
713 2040 778 2092 tunc
804 2031 926 2114 primam
944 2037 1021 2093 inci·¹
1054 2042 1059 2095 Ἰ

95 2135 157 2194 pere
171 2114 415 2182 condemnabam,
437 2120 501 2174 crim
517 2112 651 2193 paritur.''
1055 2110 1059 2145 ²

133 2197 275 2254 Incertam
302 2196 411 2254 interim
431 2206 533 2264 manet,
562 2216 617 2274 quc
644 2193 759 2274 praecise
786 2202 912 2274 tempore
934 2195 1025 2256 foetus·
1057 2210 1059 2215 '

92 2279 238 2337 animetur.
252 2276 348 2349 Multi,
362 2277 434 2335 inter
446 2297 515 2355 quos
531 2277 652 2347 Nesseo,
676 2277 781 2348 volunt,
807 2278 933 2335 animam
948 2279 1012 2350 {nen

91 2357 203 2417 infundi
226 2358 280 2418 nisi
300 2357 329 2416 in
342 2376 442 2436 corpus
467 2358 538 2416 bene
562 2359 766 2434 organizatum:
788 2357 900 2436 plurim
920 2367 1027 2418 tamen.

91 2439 202 2498 Medici
229 2449 258 2496 et
270 2439 435 2497 recentiores
456 2437 597 2517 Theologi
619 2438 649 2496 id
664 2437 723 2497 fieri
736 2442 871 2497 sustinent
882 2441 978 2498 statim
997 2441 1015 2497 i

91 2521 283 2599 conceptione,
303 2518 346 2579 vel
369 2516 404 2579 ad
418 2538 556 2579 summum
571 2522 649 2578 tertio
669 2526 720 2579 aut
731 2523 850 2599 septimo
864 2520 883 2577 ie
896 2539 1012 2600 concep·

89 2605 165 2660 tione
196 2600 258 2671 die;
281 2603 322 2660 uti
344 2598 432 2658 videri
457 2608 547 2679 potest
572 2600 600 2658 in
626 2600 820 2661 dissertatione
840 2601 1031 2680 Theologica.

89 2683 124 2740 de
150 2681 333 2760 baptizandis
356 2678 506 2752 abortivis,
526 2699 589 2760 qnae
612 2678 733 2743 habetur
756 2680 793 2740 ad
807 2681 914 2742 calcem
928 2681 1032 2762 hujus.

87 2763 253 2823 Tractatio,

129 2846 185 2905 ΙΙΙ.
202 2845 304 2923 ltaque
318 2840 451 2915 Abortivi,
471 2850 522 2902 ant
541 2841 648 2905 habent
673 2846 769 2906 omnia
782 2842 908 2907 membra
920 2845 1012 2924 expli·

86 2935 157 2994 cetra,
182 2936 231 2983 ant
245 2923 369 2983 nondum
382 2931 446 2985 sunt
458 2923 533 2983 illam
556 2922 750 3002 perfectorem
762 2924 867 3002 adepti.
910 2924 1010 2991 Primi,

84 3010 106 3064 si
135 3009 198 3066 vitoe
226 3004 362 3066 indicium
389 3013 469 3064 motu
497 3003 650 3083 praebeant,
671 3006 801 3067 absolute
816 3004 1010 3083 baptizantur:
1034 3062 1038 3069 ,

85 3085 274 3146 conditionate
288 3089 360 3152 vero,
381 3089 405 3151 si
420 3093 524 3144 motam
552 3105 610 3164 pres
623 3105 653 3142 sc
669 3106 723 3147 non
741 3087 841 3155 ferant,
863 3096 894 3144 at
908 3086 1008 3146 nihilo·

82 3173 174 3232 minus
188 3189 241 3227 non
256 3168 312 3226 sint
325 3168 443 3244 corrupti
451 3173 501 3226 aut
514 3167 606 3235 laceri,
621 3164 687 3229 ticet
699 3167 786 3237 lividi,
802 3191 836 3228 ac
845 3167 905 3227 sinc
915 3168 1009 3248 pulsu,

80 3253 269 3329 respiratione,
283 3256 363 3307 motu
376 3255 404 3306 et
414 3266 494 3305 sensu
504 3255 666 3326 appareant.

123 3331 256 3404 Secundi,
270 3328 354 3389 medo
368 3327 484 3387 humani
497 3328 666 3406 embryones
678 3347 740 3391 esse
752 3328 904 3399 videantur,
919 3332 1007 3391 etiam
1028 3366 1041 3387 ι,

80 3415 175 3489 primis
189 3411 357 3490 graviditatis
372 3407 479 3481 diebus,
499 3409 550 3466 snb
577 3408 735 3469 conditione
758 3409 950 3490 baptizantur;
973 3413 1007 3471 li·
1039 3456 1042 3463 .

79 3494 133 3568 eit,
143 3493 238 3573 utpote
252 3493 359 3555 minimi
372 3499 401 3552 et
410 3486 776 3573 imperfectissimefigurati,
791 3491 914 3554 sensibili
928 3500 1006 3553 motu
